%% This BibTeX bibliography file was created using BibDesk.
%% http://bibdesk.sourceforge.net/
@misc{crime,
 author = {Anonymous},
 title = {Rings of Gyges: Using Smart Contracts for Crime},
 howpublished = {Manuscript},
 year = 2015,
}

@misc{blockchainstats,
 howpublished = {\url{https://blockchain.info/stats}},
}

@misc{bitcoinstartups,
  title = {Bitcoin Startups},
  howpublished = {\url{https://angel.co/bitcoin}},
}

@article{erlang,
  title={Concurrent programming in ERLANG},
  author={Virding, Robert and Wikstr{\"o}m, Claes and Williams, Mike and Armstrong, Joe},
  year={1996},
  publisher={Prentice Hall International (UK) Ltd.}
}

@misc{bitpesa,
  howpublished={\url{http://www.coindesk.com/bitpesa-uses-bitcoin-slash-kenyan-remittance-costs/}},
  year={2013},
  month={October},
  author={Richard Boase},
  title={BitPesa Uses Bitcoin to Slash Kenyan Remittance Costs},
}


  

@inproceedings{liquidity,
  title={Liquidity in credit networks: A little trust goes a long way},
  author={Dandekar, Pranav and Goel, Ashish and Govindan, Ramesh and Post, Ian},
  booktitle={Proceedings of the 12th ACM conference on Electronic commerce},
  pages={147--156},
  year={2011},
  organization={ACM}
}

@inproceedings{altcoins,
  title={A Survey on Crypto Currencies},
  author={Ahamad, ShaikShakeel and Varghese, Madhusoodhnan Nair2and Biju},
  booktitle={Int. Conf. on Advances in Civil Engineering, AETACE},
  year={2013}
}



@inproceedings{facebook-diameter,
  title={User interactions in social networks and their implications},
  author={Wilson, Christo and Boe, Bryce and Sala, Alessandra and Puttaswamy, Krishna PN and Zhao, Ben Y},
  booktitle={Proceedings of the 4th ACM European conference on Computer systems},
  pages={205--218},
  year={2009},
  organization={Acm}
}

@inproceedings{trustbets,
  title={TrustBets: betting over an IOU network},
  author={Goel, Sharad and Pennock, David M and Mahdian, Mohammad and Reeves, Daniel M},
  booktitle={Proceedings of the 11th International Conference on Autonomous Agents and Multiagent Systems-Volume 3},
  pages={1319--1320},
  year={2012},
  organization={International Foundation for Autonomous Agents and Multiagent Systems}
}

@article{socialcollateral,
  title={Trust and social collateral},
  author={Karlan, Dean and Mobius, Markus and Rosenblat, Tanya and Szeidl, Adam},
  journal={The Quarterly Journal of Economics},
  volume={124},
  number={3},
  pages={1307--1361},
  year={2009},
  publisher={Oxford University Press}
}

@inproceedings{pgpweboftrust,
  title={The pgp trust model},
  author={Abdul-Rahman, Alfarez},
  booktitle={EDI-Forum: the Journal of Electronic Commerce},
  volume={10},
  number={3},
  pages={27--31},
  year={1997}
}

@inproceedings{trustdavis,
  title={TrustDavis: A Non-Exploitable Online Reputation System.},
  author={DeFigueiredo, Dimitri do B and Barr, Earl T},
  booktitle={CEC},
  volume={5},
  pages={274--283},
  year={2005},
  organization={Citeseer}
}

@incollection{advogato,
  title={Attack-resistant trust metrics},
  author={Levien, Raph},
  booktitle={Computing with Social Trust},
  pages={121--132},
  year={2009},
  publisher={Springer}
}

@inproceedings{filmtrust,
  title={Filmtrust: Movie recommendations using trust in web-based social networks},
  author={Golbeck, Jennifer and Hendler, James},
  booktitle={Proceedings of the IEEE Consumer communications and networking conference},
  volume={96},
  year={2006},
  organization={Citeseer}
}

@book{dunbarnumber,
  title={How many friends does one person need?: Dunbar's number and other evolutionary quirks},
  author={Dunbar, Robin},
  year={2010},
  publisher={Faber \& Faber}
}

@misc{pseudonymous,
    author = {Jonathan Katz and Andrew Miller and Elaine Shi},
    title = {Pseudonymous Secure Computation from Time-Lock Puzzles},
    howpublished = {Cryptology ePrint Archive, Report 2014/857},
    year = {2014},
    note = {\url{http://eprint.iacr.org/}},
}

@misc{riseandrise,
 title = {The Rise and Rise of Bitcoin},
 howpublished = {Documentary, \url{http://bitcoindoc.com/}}
}

@misc{bitcoin-otc,
  howpublished={\url{http://bitcoinmoney.com/post/4585101363/first-bitcoin-put-option-contract}},
  author={Bitcoin Money}, 
  year={2011},
  month={April},
  title={Bitcoin options trading on the Bitcoin OTC marketplace}
}

@misc{expedia,
  title={Expedia Exec Says Bitcoin Spending Has Exceeded Estimates},
  howpublished={\url{http://www.coindesk.com/expedia-exec-bitcoin-payments-have-exceeded-estimates/}},
  author={Pete Rizzo},
  year={2014}, 
  month={July},
}

@misc{overstock,
  howpublished={Press Release. \url{http://investors.overstock.com/phoenix.zhtml?c=131091&p=irol-newsArticle&ID=1889670}},
  title={Overstock.com First Online Retailer to Accept Bitcoin},
  year={2014},
  month={Jan},
  author={Overstock, Inc.}
}

@techreport{dell-malware,
	Author = {Pat Litke and Joe Stewart},
	Date-Added = {2014-11-15 03:10:54 +0000},
	Date-Modified = {2014-11-15 03:10:54 +0000},
	Institution = {Dell SecureWorks Counter Threat Unit},
	Title = {Cryptocurrency-Stealing Malware Landscape},
	Year = {2014}}

@misc{ethereum,
	Author = {Gavin Wood},
	Howpublished = {\url{http://gavwood.com/paper.pdf}},
	Title = {Ethereum: A secure decentralized transaction ledger},
	Year = {2014}}

@inproceedings{mosertowards,
	Author = {M{\"o}ser, Malte and B{\"o}hme, Rainer and Breuker, Dominic},
	Booktitle = {BITCOIN},
	Date-Modified = {2014-11-15 02:52:13 +0000},
	Title = {Towards Risk Scoring of Bitcoin Transactions},
	Year = {2014}}

@misc{namecoin,
	Author = {Andreas Loibl},
	Howpublished = {\url{namecoin.info}},
	Title = {Namecoin},
	Year = {2014}}

@incollection{okun2005agreement,
	Author = {Okun, Michael},
	Booktitle = {{Distributed Computing}},
	Pages = {499--500},
	Publisher = {Springer},
	Title = {{Agreement among unacquainted Byzantine generals}},
	Year = {2005}}

@inproceedings{GS98,
	Author = {D M Goldschlag and S G Stubblebine},
	Booktitle = {{Financial Cryptography}},
	Date-Added = {2014-11-13 22:04:32 +0000},
	Date-Modified = {2014-11-13 22:04:32 +0000},
	Title = {{Publicly Verifiable Lotteries: Applications of Delaying Functions}},
	Year = {1998}}

@incollection{Par11,
	Author = {Robert Parhonyi},
	Booktitle = {{Handbook of Financial Cryptography and Security}},
	Date-Added = {2014-11-13 21:20:55 +0000},
	Date-Modified = {2014-11-13 21:21:35 +0000},
	Publisher = {CRC},
	Title = {{Micropayment Systems}},
	Year = {2011}}

@incollection{Bel11,
	Author = {M Belenkiy},
	Booktitle = {{Handbook of Financial Cryptography and Security}},
	Date-Added = {2014-11-13 21:19:49 +0000},
	Date-Modified = {2014-11-13 21:20:51 +0000},
	Publisher = {CRC},
	Title = {{E-Cash}},
	Year = {2011}}

@article{decentral-mix,
	Author = {Coutu, O},
	Date-Added = {2014-11-11 18:16:03 +0000},
	Date-Modified = {2014-11-11 18:16:03 +0000},
	Journal = {{Bitcoin Conference}},
	Title = {{Decentralized Mixers in {B}itcoin}},
	Year = {2013}}

@inproceedings{coinshuffle,
	Author = {Ruffing, Tim and Moreno-Sanchez, Pedro and Kate, Aniket},
	Booktitle = {{ESORICS}},
	Date-Added = {2014-11-11 18:12:54 +0000},
	Date-Modified = {2014-11-11 18:13:50 +0000},
	Title = {{CoinShuffle}: Practical Decentralized Coin Mixing for {Bitcoin}},
	Year = {2014}}

@inproceedings{sasson2014zerocash,
	Author = {Eli Ben-Sasson and Alessandro Chiesa and Christina Garman and Matthew Green and Ian Miers and Eran Tromer and Madars Virza},
	Booktitle = {{IEEE Symposium on Security and Privacy}},
	Date-Added = {2014-11-11 17:59:59 +0000},
	Date-Modified = {2014-11-12 04:12:00 +0000},
	Organization = {IEEE},
	Title = {Zerocash: Decentralized Anonymous Payments from {B}itcoin},
	Year = {2014}}

@misc{coinjoin,
	Author = {Maxwell, Gregory},
	Date-Added = {2014-11-11 17:49:20 +0000},
	Date-Modified = {2014-11-11 17:49:20 +0000},
	Howpublished = {\url{bitcointalk.org}},
	Month = {August},
	Title = {{CoinJoin: Bitcoin privacy for the real world}},
	Year = {2013}}

@misc{coinswap,
	Author = {Maxwell, Gregory},
	Date-Added = {2014-11-11 17:49:20 +0000},
	Date-Modified = {2014-11-11 17:49:20 +0000},
	Howpublished = {\url{bitcointalk.org}},
	Month = {October},
	Title = {{CoinSwap: Transaction graph disjoint trustless trading}},
	Year = {2013}}

@inproceedings{fistful,
	Author = {Meiklejohn, Sarah and Pomarole, Marjori and Jordan, Grant and Levchenko, Kirill and McCoy, Damon and Voelker, Geoffrey M and Savage, Stefan},
	Booktitle = {{IMC}},
	Date-Added = {2014-11-11 17:46:49 +0000},
	Date-Modified = {2014-11-11 17:46:49 +0000},
	Title = {{A fistful of bitcoins: characterizing payments among men with no names}},
	Year = {2013}}

@inproceedings{miller2001capability,
	Author = {Miller, Mark S and Morningstar, Chip and Frantz, Bill},
	Booktitle = {{Financial Cryptography}},
	Date-Modified = {2014-11-12 04:13:05 +0000},
	Title = {{Capability-based financial instruments}},
	Year = {2001}}

@inproceedings{lambdaauth,
	Author = {Miller, Andrew and Hicks, Michael and Katz, Jonathan and Shi, Elaine},
	Booktitle = {{POPL}},
	Date-Modified = {2014-11-12 04:06:10 +0000},
	Title = {{Authenticated data structures, generically}},
	Year = {2014}}

@misc{pamba,
	Author = {Sergio Demian Lerner},
	Month = {April},
	Title = {{The Private Automatic Miner Backbone Protocol (PAMBA)}},
	Year = {2014}}

@misc{gmaxwell_flipchain,
	Author = {Gregory Maxwell},
	Howpublished = {\url{bitcointalk.org}},
	Month = {June},
	Title = {{Merkle tree of open transactions for lite mode?}},
	Year = {2011}}

@inproceedings{pinocchiocoin,
	Author = {Danezis, George and Fournet, Cedric and Kohlweiss, Markulf and Parno, Bryan},
	Booktitle = {{PETShop}},
	Date-Modified = {2014-11-12 04:11:12 +0000},
	Title = {{Pinocchio Coin: building Zerocoin from a succinct pairing-based proof system}},
	Year = {2013}}

@inproceedings{bespoke,
	Author = {Taylor, Michael Bedford},
	Booktitle = {{CASES}},
	Date-Modified = {2014-11-12 04:06:39 +0000},
	Title = {{Bitcoin and the age of bespoke Silicon}},
	Year = {2013}}

@misc{mmr,
	Author = {Peter Todd and Gregory Maxwell and Oleg Andreev},
	Howpublished = {\url{bitcointalk.org}},
	Month = {October},
	Title = {{Reducing UTXO: users send parent transactions with their merkle branches}},
	Year = {2013}}

@techreport{rosenfeld,
	Author = {Meni Rosenfeld},
	Date-Modified = {2014-11-14 22:05:06 +0000},
	Institution = {CoRR},
	Title = {{Analysis of Bitcoin Pooled Mining Reward Systems}},
	Year = {2011},
	Bdsk-Url-1 = {http://arxiv.org/abs/1112.4980}}

@misc{bytecoin-selfishmining,
	Author = {ByteCoin},
	Howpublished = {\url{bitcointalk.org}},
	Month = {December},
	Title = {{Selfish mining bytecoin}},
	Year = {2010}}

@techreport{bahack,
	Author = {Lear Bahack},
	Date-Modified = {2014-11-14 22:05:31 +0000},
	Institution = {CoRR},
	Number = {abs/1312.7013},
	Title = {{Theoretical Bitcoin Attacks with less than Half of the Computational Power (draft)}},
	Year = {2013}}

@article{netbill,
	Author = {Sirbu, Marvin and Tygar, J Doug},
	Journal = {Personal Communications, IEEE},
	Number = {4},
	Pages = {34--39},
	Publisher = {IEEE},
	Title = {{NetBill: An internet commerce system optimized for network-delivered services}},
	Volume = {2},
	Year = {1995}}

@misc{backbone,
	Author = {Juan Garay and Aggelos Kiayias and Nikos Leonardos},
	Howpublished = {Cryptology ePrint Archive, Report 2014/765},
	Title = {{The Bitcoin Backbone Protocol: Analysis and Applications}},
	Year = {2014}}

@misc{freimarkets,
	Author = {Mark Friedenbach and Jorge Timon},
	Howpublished = {\url{http://freico.in/docs/freimarkets.pdf}},
	Month = {August},
	Title = {{Freimarkets: extending bitcoin protocol with user-specified bearer instruments, peer-to-peer exchange, off-chain accounting, auctions, derivatives and transitive transactions}},
	Year = {2013}}

@misc{nonoutsourceable,
	Author = {Miller, Andrew and Shi, Elaine and Kosba, Ahmed and Katz, Jonathan},
	Title = {{Nonoutsourceable Scratch-Off Puzzles to Discourage Bitcoin Mining Coalitions (preprint)}},
	Year = {2014}}

@misc{kwontendermint,
	Author = {Kwon, Jae},
	Month = {August},
	Title = {{TenderMint: Consensus without Mining}},
	Year = {2014}}

@misc{proofofactivity,
	Author = {Iddo Bentov and Charles Lee and Alex Mizrahi and Meni Rosenfeld},
	Howpublished = {Cryptology ePrint Archive, Report 2014/452},
	Title = {{Proof of Activity: Extending Bitcoin's Proof of Work via Proof of Stake}},
	Year = {2014}}

@misc{2ppow,
	Author = {Sirer, Emin G\"un and Eyal, Ittay},
	Month = {June},
	Title = {{How to Disincentivize Large Bitcoin Mining Pools}},
	Year = {2014}}

@misc{scrypt,
	Author = {Percival, Colin and Josefsson, Simon},
	Title = {{The scrypt Password-Based Key Derivation Function}},
	Year = {2012}}

@misc{bitcoin-fork,
	Author = {Andresen, Gavin},
	Date = {March 10, 2013},
	Howpublished = {BIP 50},
	Title = {{March 2013 Chain Fork Post-Mortem}}}

@misc{miller2014anonymous,
	Author = {Miller, Andrew and LaViola Jr, Joseph J},
	Publisher = {Apr},
	Title = {{Anonymous Byzantine Consensus from Moderately-Hard Puzzles: A Model for Bitcoin}},
	Year = {2014}}

@misc{jgarzik-smartcoin,
	Author = {Jeff Garzik},
	Title = {{Smartcoin: Distributed smart property software}},
	Url = {https://github.com/jgarzik/smartcoin},
	Year = {2012},
	Bdsk-Url-1 = {https://github.com/jgarzik/smartcoin}}

@misc{bitcointalk-bondmarkets,
	Author = {Mike Hearn},
	Howpublished = {\url{bitcointalk.org}},
	Title = {{Distributed bond markets and pay-to-policy outputs}},
	Year = {2012},
	Bdsk-Url-1 = {https://bitcointalk.org/index.php?topic=92421.0}}

@article{szabo1997formalizing,
	Author = {Szabo, Nick},
	Journal = {First Monday},
	Number = {9},
	Title = {{Formalizing and securing relationships on public networks}},
	Volume = {2},
	Year = {1997}}

@misc{tiernolan,
	Author = {Tier Nolan},
	Howpublished = {\url{bitcointalk.org}},
	Month = {May},
	Title = {{Alt chains and atomic transfers}},
	Year = {2013},
	Bdsk-Url-1 = {https://bitcointalk.org/index.php?topic=193281#msg2224949}}

@misc{counterparty,
    howpublished={\url{https://bitcointalk.org/index.php?topic=395761.0}},
    title={Counterparty Announcement},
    author={Adam Krellenstein Robby Dermody and Ouziel Slama},
    year={2014},
    month={January},
}
   

@misc{mastercoin,
	Author = {J. R. Willett},
	Title = {{MasterCoin Complete Specification, v1.1}},
	Year = {2013}}

@misc{coloredcoins,
	Author = {Meni Rosenfeld},
	Title = {{Overview of Colored Coins}},
	Url = {https://bitcoil.co.il/BitcoinX.pdf},
	Year = {2012},
	Bdsk-Url-1 = {https://bitcoil.co.il/BitcoinX.pdf}}

@techreport{tromp2014cuckoo,
	Author = {Tromp, John},
	Date-Modified = {2014-11-12 04:04:32 +0000},
	Institution = {IACR Cryptology ePrint Archive},
	Pages = {59},
	Title = {{Cuckoo Cycle: a memory-hard proof-of-work system}},
	Volume = {2014},
	Year = {2014}}

@misc{primecoin,
	Author = {King, Sunny},
	Publisher = {July},
	Title = {{Primecoin: Cryptocurrency with prime number proof-of-work}},
	Year = {2013}}

@misc{bitcointalk-coloredcoins,
	Author = {killerstorm},
	Howpublished = {\url{bitcointalk.org}},
	Title = {{ArmoryX (colored coins): issue and trade private currencies/stocks/bonds/etc}},
	Year = {2012},
	Bdsk-Url-1 = {https://bitcointalk.org/index.php?topic=106373.0}}

@inproceedings{bitcoinsnack,
	Author = {Bamert, Tobias and Decker, Christian and Elsen, Lennart and Wattenhofer, Roger and Welten, Samuel},
	Booktitle = {{IEEE P2P}},
	Date-Modified = {2014-11-12 04:09:09 +0000},
	Organization = {IEEE},
	Pages = {1--5},
	Title = {{Have a snack, pay with Bitcoins}},
	Year = {2013}}

@inproceedings{decker2013information,
	Author = {Decker, Christian and Wattenhofer, Roger},
	Booktitle = {{IEEE P2P}},
	Date-Modified = {2014-11-12 04:09:17 +0000},
	Organization = {IEEE},
	Pages = {1--10},
	Title = {{Information propagation in the bitcoin network}},
	Year = {2013}}

@misc{headerssync,
	Author = {Pieter Wuille},
	Howpublished = {Pull request, \url{https://github.com/sipa/bitcoin/commit/b230a6599e884e158fe49e2cf946801eea83dcaa}},
	Title = {{Switch to headers-based synchronization}}}

@misc{blocknetworkcoding,
	Author = {Greg Maxwell},
	Howpublished = {Wiki article: \url{https://en.bitcoin.it/wiki/User:Gmaxwell/block_network_coding}},
	Title = {{block network coding}}}

@misc{satoshi-bitcoin,
	Author = {Satoshi Nakamoto},
	Howpublished = {\url{http://bitcoin.org/bitcoin.pdf}},
	Title = {{Bitcoin: A Peer-to-Peer Electronic Cash System}},
	Year = {2009}}

@misc{bitcoin.org,
	Howpublished = {\url{http://bitcoin.org}},
	Key = {Bitcoin},
	Title = {{Bitcoin - P2P Digital Currency}}}

@inproceedings{kroll2013bitcoin:weis,
	Author = {Joshua A. Kroll and Ian C. Davey and Edward W. Felten},
	Booktitle = {{WEIS}},
	Date-Modified = {2014-11-12 04:11:40 +0000},
	Location = {Washington, DC},
	Month = Jun,
	Title = {The Economics of {B}itcoin Mining, or {B}itcoin in the Presence of Adversaries},
	Year = 2013}

@misc{goldfinger,
	Author = {{G. Hamilton (Dir.)}},
	Howpublished = {United Artists},
	Title = {{Goldfinger}},
	Year = 1964}

@book{goldfinger-book,
	Author = {Ian Fleming},
	Publisher = {Jonathan Cape},
	Title = {{Goldfinger}},
	Year = {1959}}

@misc{blocksize,
	Author = {Gavin Andresen},
	Howpublished = {\url{bitcoinfoundation.org}},
	Month = {October},
	Title = {{Blocksize Economics}},
	Year = {2014}}

@article{krugman-evil,
	Author = {Paul Krugman},
	Date-Modified = {2014-11-15 02:48:02 +0000},
	Journal = {The New York Times},
	Month = {Dec},
	Title = {{Bitcoin is Evil}},
	Year = {2013}}

@inproceedings{silkroad,
	Author = {Christin, Nicolas},
	Booktitle = {{WWW}},
	Date-Modified = {2014-11-12 04:11:51 +0000},
	Title = {{Traveling the Silk Road: A measurement analysis of a large anonymous online marketplace}},
	Year = {2013}}

@misc{shavers,
	Date-Modified = {2014-11-15 02:50:46 +0000},
	Howpublished = {\url{https://www.sec.gov/litigation/complaints/2013/comp-pr2013-132.pdf}},
	Key = {SEC},
	Title = {{SEC vs Shavers}},
	Year = {2013}}

@misc{silkroadStudy,
	Author = {Timothy Bauman},
	Howpublished = {Princeton University Senior Thesis},
	Title = {{Commerce and Reputation in Online Illegal Drug Markets}},
	Year = 2013}

@article{cryptolocker,
	Author = {Lee Garber},
	Journal = {IEEE Computer},
	Month = {July},
	Title = {{Government Officials Disrupt Two Major Cyberattack Systems}},
	Year = {2014}}

@misc{merge-avoidance,
	Author = {Mike Hearn},
	Howpublished = {\url{medium.com}},
	Title = {{Merge-Avoidance: a note on privacy-enhancing techniques in the Bitcoin protocol}},
	Year = {2013}}

@misc{gold,
	Author = {Steven Goldfeder},
	Howpublished = {\url{http://www.cs.princeton.edu/~stevenag/bitcoin_threshold_signatures.pdf}},
	Month = {March},
	Title = {{New research: Better wallet security for Bitcoin}},
	Year = {2014}}

@techreport{biryukov,
	Author = {Biryukov, Alex and Pustogarov, Ivan},
	Date-Modified = {2014-11-12 04:05:05 +0000},
	Institution = {arXiv preprint},
	Number = {1410.6079},
	Title = {{Bitcoin over Tor isn't a good idea}},
	Year = {2014}}

@misc{infostealer,
	Author = {Doherty, Steven},
	Howpublished = {Symantec Security Report},
	Month = {June},
	Title = {{Infostealer.Coinbit}},
	Year = {2011}}

@article{tv-theft,
	Author = {Sam Ro},
	Journal = {Business Insider},
	Month = {December},
	Title = {{A Bloomberg TV Host Gifted Bitcoin On Air And It Immediately Got Stolen}},
	Year = {2013}}

@misc{thefts,
	Author = {dree12},
	Howpublished = {\url{bitcointalk.org}},
	Month = {August},
	Title = {{List of Major Bitcoin Heists, Thefts, Hacks, Scams, and Losses}},
	Year = {2014}}

@misc{grinbert-innovative,
	Author = {Reuben Grinberg},
	Month = {November},
	Title = {{Bitcoin: An Innovative Alternative Digital Currency}},
	Year = {2011}}

@inproceedings{botcoin,
	Author = {Huang, Danny Yuxing and Dharmdasani, Hitesh and Meiklejohn, Sarah and Dave, Vacha and Grier, Chris and McCoy, Damon and Savage, Stefan and Weaver, Nicholas and Snoeren, Alex C and Levchenko, Kirill},
	Booktitle = {{NDSS}},
	Date-Modified = {2014-11-12 04:07:42 +0000},
	Title = {{Botcoin: monetizing stolen cycles}},
	Year = {2014}}

@inproceedings{karma,
	Author = {Vishnumurthy, Vivek and Chandrakumar, Sangeeth and Sirer, Emin Gun},
	Booktitle = {{Workshop on Economics of Peer-to-Peer Systems}},
	Title = {{Karma: A secure economic framework for peer-to-peer resource sharing}},
	Volume = {35},
	Year = {2003}}

@inproceedings{androulaki2013evaluating,
	Author = {Androulaki, Elli and Karame, Ghassan O and Roeschlin, Marc and Scherer, Tobias and Capkun, Srdjan},
	Booktitle = {{Financial Cryptography}},
	Date-Modified = {2014-11-15 02:52:52 +0000},
	Title = {{Evaluating User Privacy in Bitcoin}},
	Year = 2013}

@article{ghost,
	Author = {Sompolinsky, Y and Zohar, A},
	Journal = {Not Chains},
	Title = {Accelerating Bitcoin's Transaction Processing Fast Money Grows on Trees},
	Year = {2013}}

@inproceedings{karame2012double,
	Author = {Karame, Ghassan O and Androulaki, Elli and Capkun, Srdjan},
	Booktitle = {{CCS}},
	Date-Modified = {2014-11-12 04:08:16 +0000},
	Title = {Double-spending fast payments in {B}itcoin},
	Year = {2012}}

@misc{pegging,
	Author = {Back, Adam and Corallo, Matt and Dashjr, Luke and Friedenbach, Mark and Maxwell, Gregory and Miller, Andrew and Poelstra, Andrew and Tim{\'o}n, Jorge and Wuille, Pieter},
	Date-Modified = {2014-11-15 02:47:09 +0000},
	Title = {Enabling Blockchain Innovations with Pegged Sidechains},
	Year = {2014}}

@inproceedings{spv-anon,
	Author = {Gervais, Arthur and Karame, Ghassan O and Gruber, Damian and Capkun, Srdjan},
	Booktitle = {{ACSAC}},
	Date-Modified = {2014-11-12 04:00:32 +0000},
	Title = {{On the Privacy Provisions of Bloom Filters in Lightweight Bitcoin clients}},
	Year = {2015}}

@inproceedings{ron2013quantitative,
	Author = {Ron, Dorit and Shamir, Adi},
	Booktitle = {{Financial Cryptography}},
	Date-Modified = {2014-11-12 04:13:30 +0000},
	Title = {{Quantitative Analysis of the Full Bitcoin Transaction Graph}},
	Year = 2013}

@inproceedings{babaioff2012bitcoin,
	Author = {Babaioff, Moshe and Dobzinski, Shahar and Oren, Sigal and Zohar, Aviv},
	Booktitle = {{EC}},
	Date-Modified = {2014-11-12 04:09:59 +0000},
	Organization = {ACM},
	Pages = {56--73},
	Title = {{On Bitcoin and Red Balloons}},
	Year = {2012}}

@misc{back2002hashcash,
	Author = {Back, Adam and others},
	Title = {{Hashcash-a denial of service counter-measure}},
	Year = {2002}}

@misc{bmoney,
	Author = {Wei Dai},
	Howpublished = {\url{www.weidai.com/bmoney.txt}},
	Title = {{b-money}},
	Year = 1998}

@misc{lauriecoin,
	Author = {Laurie, Ben},
	Title = {{An Efficient Distributed Currency}},
	Year = {2011}}

@misc{laurieimpossible,
	Author = {Laurie, Ben},
	Title = {{Decentralised currencies are probably impossible (but let's at least make them efficient)}},
	Year = {2011}}

@inproceedings{laurie2004proof,
	Author = {Laurie, Ben and Clayton, Richard},
	Booktitle = {{WEIS}},
	Date-Modified = {2014-11-12 04:11:22 +0000},
	Title = {{Proof-of-work proves not to work}},
	Volume = {2004},
	Year = {2004}}

@inproceedings{dwork1993pricing,
	Author = {Dwork, Cynthia and Naor, Moni},
	Booktitle = {{CRYPTO}},
	Title = {{Pricing via processing or combatting junk mail}},
	Year = {1992}}

@inproceedings{versum,
	Author = {van den Hooff, Jelle and Kaashoek, M Frans and Zeldovich, Nickolai},
	Booktitle = {Proceedings of the 2014 ACM SIGSAC Conference on Computer and Communications Security},
	Organization = {ACM},
	Pages = {1304--1316},
	Title = {VerSum: Verifiable Computations over Large Public Logs},
	Year = {2014}}

@book{schelling,
	Author = {Thomas C. Schelling},
	Publisher = {Harvard University Press},
	Title = {{The Strategy of Conflict}},
	Year = 1960}

@misc{manchinletter,
	Author = {Charles E. Schumer and Joe Manchin},
	Howpublished = {\url{http://manchin.senate.gov/public/index.cfm/press-releases?ID=284ae54a-acf1-4258-be1c-7acee1f7e8b3}},
	Title = {{Manchin Urges Federal Law Enforcement to Shut Down Online Black Market for Illegal Drugs}},
	Year = 2011}

@inproceedings{iddo-lottery,
	Author = {Bentov, Iddo and Kumaresan, Ranjit},
	Booktitle = {{CRYPTO}},
	Date-Modified = {2014-11-12 04:03:15 +0000},
	Title = {{How to Use Bitcoin to Design Fair Protocols.}},
	Year = {2014}}

@misc{andytoshi-pos,
	Author = {Andrew Poelstra},
	Month = {May},
	Title = {{Distributed Consensus from Proof of Stake is Impossible}},
	Year = {2014}}

@techreport{impostors,
	Author = {Aspnes, James and Jackson, Collin and Krishnamurthy, Arvind},
	Date-Modified = {2014-11-12 04:03:38 +0000},
	Institution = {Yale},
	Title = {{Exposing computationally-challenged Byzantine impostors}},
	Year = {2005}}

@misc{pizza,
	Author = {Grace Caffyn},
	Day = {22},
	Howpublished = {\url{http://www.coindesk.com/bitcoin-pizza-day-celebrating-pizza-bought-10000-btc/}},
	Month = {May},
	Title = {{Bitcoin Pizza Day: Celebrating the Pizzas Bought for 10,000 BTC}},
	Year = {2014}}

@misc{ripple,
	Author = {David Schwartz and Noah Youngs and Arthur Britto},
	Month = {September},
	Title = {{The Ripple Protocol Consensus Algorithm}},
	Year = {2014}}

@misc{proofofburn,
	Author = {Iain Stewart},
	Howpublished = {\url{bitcoin.it}},
	Month = {December},
	Title = {{Proof of burn}},
	Year = {2012}}

@misc{proofofstake,
	Author = {QuantumMechanic},
	Howpublished = {\url{bitcointalk.org}},
	Month = {July},
	Title = {{Proof of stake instead of proof of work}},
	Year = {2011}}

@inproceedings{tears,
	Author = {Jansen, Rob and Miller, Andrew and Syverson, Paul and Ford, Bryan},
	Booktitle = {{HotPETS}},
	Date-Modified = {2014-11-14 22:02:55 +0000},
	Title = {{From onions to shallots: Rewarding Tor relays with TEARS}},
	Year = {2014}}

@article{certificatetransparency,
	Author = {Laurie, Ben and Langley, Adam and Kasper, E},
	Journal = {Network Working Group Internet-Draft, v12, work in progress. http://tools. ietf. org/html/draft-laurie-pki-sunlight-12},
	Title = {{Certificate transparency}},
	Year = {2013}}

@article{maynard1972game,
	Author = {Maynard Smith, John},
	Journal = {On evolution},
	Pages = {8--28},
	Publisher = {Edinburgh: Edinburgh University Press},
	Title = {{Game theory and the evolution of fighting}},
	Year = {1972}}

@inproceedings{barber2013bitter,
	Author = {Simon Barber and Xavier Boyen and Elaine Shi and and Ersin Uzun},
	Booktitle = {{Financial Cryptography}},
	Date-Modified = {2014-11-12 04:12:31 +0000},
	Title = {{Bitter to Better---How to Make Bitcoin a Better Currency}},
	Year = 2012}

@inproceedings{gnu-pth,
  title={Portable multithreading: The signal stack trick for user-space thread creation},
  author={Engelschall, Ralf S},
  booktitle={Proceedings of the annual conference on USENIX Annual Technical Conference},
  pages={20--20},
  year={2000},
  organization={USENIX Association}
}


@inproceedings{lindell2003general,
  title={General composition and universal composability in secure multi-party computation},
  author={Lindell, Yehuda},
  booktitle={Foundations of Computer Science, 2003. Proceedings. 44th Annual IEEE Symposium on},
  pages={394--403},
  year={2003},
  organization={IEEE}
}

@article{canetti2006limitations,
  title={On the limitations of universally composable two-party computation without set-up assumptions},
  author={Canetti, Ran and Kushilevitz, Eyal and Lindell, Yehuda},
  journal={Journal of Cryptology},
  volume={19},
  number={2},
  pages={135--167},
  year={2006},
  publisher={Springer}
}

@misc{loi,
  author={Loi Luu},
  title={Lottery example in Ethereum},
  year={2014},
  month={August},
  howpublished={\url{https://gist.github.com/loiluu/fbe9967917b77c824202}}
}

@misc{fbibitcoin,
	Author = {{FBI Directorate of Intelligence Cyber Intelligence Section and Criminal Intelligence Section}},
	Howpublished = {\url{http://www.wired.com/images_blogs/threatlevel/2012/05/Bitcoin-FBI.pdf}},
	Title = {{Bitcoin Virtual Currency: Unique Features Present Distinct Challenges for Deterring Illicit Activity}},
	Year = 2012}

@techreport{shadow,
  title={Shadow: Running Tor in a box for accurate and efficient experimentation},
  author={Jansen, Rob and Hooper, Nicholas},
  year={2011},
  institution={DTIC Document}
}

@inproceedings{shadow-2,
  title={Methodically Modeling the Tor Network.},
  author={Jansen, Rob and Bauer, Kevin S and Hopper, Nicholas and Dingledine, Roger},
  booktitle={CSET},
  year={2012}
}

@inproceedings{rivest1997payword,
	Author = {Rivest, Ronald L and Shamir, Adi},
	Booktitle = {{Security Protocols Workshop}},
	Title = {{PayWord and MicroMint: Two simple micropayment schemes}},
	Year = {1997}}

@inproceedings{auditable,
	Author = {Sander, Tomas and Ta-Shma, Amnon},
	Booktitle = {{CRYPTO}},
	Date-Modified = {2014-11-12 04:05:32 +0000},
	Title = {{Auditable, anonymous electronic cash}},
	Year = {1999}}

@article{digicash,
	Author = {Schoenmakers, Berry},
	Date-Modified = {2014-11-12 03:59:24 +0000},
	Journal = {State of the Art in Applied Cryptography},
	Title = {{Security aspects of the EcashTM payment system}},
	Year = {1998}}

@inproceedings{peppercoin,
	Author = {Rivest, Ronald L},
	Booktitle = {{Financial Cryptography}},
	Date-Modified = {2014-11-15 02:52:43 +0000},
	Title = {{Peppercoin micropayments}},
	Year = {2004}}

@misc{micropayments,
	Author = {Mike Hearn},
	Howpublished = {\url{bitcointalk.org}},
	Title = {{Rapidly-adjusted (micro)payments to a pre-determined party}},
	Year = {2013}}

@misc{scalability-tps,
	Author = {Mike Hearn},
	Howpublished = {\url{bitcointalk.org}},
	Title = {{Dan Kaminsky's thoughts on scalability}},
	Year = {2011}}

@inproceedings{auditable2,
	Author = {Sander, Tomas and Ta-Shma, Amnon and Yung, Moti},
	Booktitle = {{Financial Cryptography}},
	Date-Modified = {2014-11-12 04:13:00 +0000},
	Title = {{Blind, auditable membership proofs}},
	Year = {2001}}

@inproceedings{camenisch2005compact,
	Author = {Camenisch, Jan and Hohenberger, Susan and Lysyanskaya, Anna},
	Booktitle = {{EUROCRYPT}},
	Date-Modified = {2014-11-14 22:03:16 +0000},
	Title = {{Compact e-cash}},
	Year = {2005}}

@inproceedings{chaum1990untraceable,
	Author = {Chaum, David and Fiat, Amos and Naor, Moni},
	Booktitle = {{CRYPTO}},
	Date-Modified = {2014-11-14 22:04:02 +0000},
	Title = {{Untraceable electronic cash}},
	Year = {1990}}

@inproceedings{okamoto1992universal,
	Author = {Okamoto, Tatsuaki and Ohta, Kazuo},
	Booktitle = {{Advances in Cryptology---CRYPTO'91}},
	Organization = {Springer},
	Pages = {324--337},
	Title = {{Universal electronic cash}},
	Year = {1992}}

@inproceedings{chaum1983blind,
	Author = {Chaum, David},
	Booktitle = {{CRYPTO}},
	Date-Modified = {2014-11-14 22:04:14 +0000},
	Title = {{Blind signatures for untraceable payments}},
	Year = {1982}}

@article{nash1951non,
	Author = {Nash, John},
	Journal = {{Annals of Mathematics}},
	Number = {2},
	Title = {{Non-cooperative games}},
	Volume = {54},
	Year = {1951}}

@misc{sipa.be,
	Author = {Pieter Wuille},
	Howpublished = {\url{http://bitcoin.sipa.be/}},
	Key = {sipa.be},
	Title = {{Bitcoin Network Graphs}}}

@misc{poolwatch,
	Author = {{organofcorti}},
	Howpublished = {\url{http://organofcorti.blogspot.com/}},
	Title = {{Neighborhood Pool Watch}}}

@misc{btcguild,
	Howpublished = {\url{http://www.btcguild.com}},
	Key = {BTC Guild},
	Title = {B{TC} {G}uild}}

@misc{peercoin,
	Author = {Sunny King and Scott Nadal},
	Month = {August},
	Title = {{PPCoin: Peer-to-Peer Crypto-Currency with Proof-of-Stake}},
	Year = {2012}}

@inproceedings{karp2000randomized,
	Author = {Karp, Richard and Schindelhauer, Christian and Shenker, Scott and Vocking, Berthold},
	Booktitle = {{Foundations of Computer Science}},
	Title = {{Randomized rumor spreading}},
	Year = {2000}}

@misc{greenaddress,
	Author = {jav},
	Howpublished = {\url{bitcointalk.org}},
	Month = {July},
	Title = {{Instawallet introduces new approach to instant payment: Green address technique}},
	Year = {2011}}

@article{rapoport1966chicken,
	Author = {Rapoport, Anatol and Chammah, Albert M},
	Journal = {American Behavioral Scientist},
	Number = {3},
	Pages = {10--28},
	Publisher = {Sage Publications},
	Title = {{The game of chicken}},
	Volume = {10},
	Year = {1966}}

@misc{featherforking,
	Author = {Andrew Miller},
	Howpublished = {\url{bitcointalk.org}},
	Month = {October},
	Title = {Feather-forks: enforcing a blacklist with sub-50\% hash power},
	Year = {2013}}

@inproceedings{miers2013zerocoin,
	Author = {Miers, Ian and Garman, Christina and Green, Matthew and Rubin, Aviel D},
	Booktitle = {{IEEE Symposium on Security and Privacy}},
	Date-Modified = {2014-11-12 04:12:07 +0000},
	Title = {{Zerocoin: Anonymous Distributed E-Cash from Bitcoin}},
	Year = {2013}}

@inproceedings{breadpudding,
	Author = {Jakobsson, Markus and Juels, Ari},
	Booktitle = {{Secure Information Networks}},
	Date-Modified = {2014-11-12 03:55:50 +0000},
	Title = {{Proofs of work and bread pudding protocols}},
	Year = {1999}}

@techreport{foldingathome,
	Author = {Larson, Stefan M and Snow, Christopher D and Shirts, Michael and others},
	Date-Modified = {2014-11-15 02:55:26 +0000},
	Institution = {arXiv preprint},
	Publisher = {Citeseer},
	Title = {{Folding@ Home and Genome@ Home: Using distributed computing to tackle previously intractable problems in computational biology}},
	Year = {2002}}

@inproceedings{becker2012can,
	Author = {Becker, J{\"o}rg and Breuker, Dominic and Heide, Tobias and Holler, Justus and Rauer, Hans and B{\"o}hme, Rainer},
	Booktitle = {{WEIS}},
	Title = {{Can We Afford Integrity by Proof-of-Work? Scenarios Inspired by the Bitcoin Currency}},
	Year = {2012}}

@misc{agiletokens,
	Author = {Bonneau, Joseph and Eckersley, Peter},
	Title = {{Agile Tokens}},
	Year = {2014}}

@inproceedings{clark-prediction,
	Author = {Jeremy Clark and Joseph Bonneau and Edward W. Felten and Joshua A. Kroll and Andrew Miller and Arvind Narayanan},
	Booktitle = {{WEIS}},
	Date-Modified = {2014-11-12 04:10:20 +0000},
	Title = {{On Decentralizing Prediction Markets and Order Books}},
	Year = {2014}}

@book{skyrms2003stag,
	Author = {Skyrms, Brian},
	Publisher = {Cambridge University Press},
	Title = {{The stag hunt and the evolution of social structure}},
	Year = {2003}}

@inproceedings{eyal2013majority,
	Author = {Eyal, Ittay and Sirer, Emin G{\"u}n},
	Booktitle = {{Financial Cryptography}},
	Date-Modified = {2014-11-12 04:13:13 +0000},
	Month = {March},
	Title = {{Majority is not enough: Bitcoin mining is vulnerable}},
	Year = {2014}}

@misc{bitcoin-fork-news,
	Author = {Timothy B. Lee},
	Howpublished = {Ars Technica},
	Month = {March},
	Title = {Major glitch in {B}itcoin network sparks sell-off; price temporarily falls 23\%},
	Year = {2013}}

@misc{bitcoin-crash-news,
	Author = {Kim-Mai Cutler},
	Date = {April 10, 2013},
	Howpublished = {\url{http://techcrunch.com/2013/04/10/bitcoin-crash/}},
	Title = {{Bitcoin Suffers A Correction Amid Apparent DDOS Attacks On Some Exchanges}}}

@inproceedings{mixcoin,
	Author = {Bonneau, Joseph and Narayanan, Arvind and Miller, Andrew and Clark, Jeremy and Kroll, Joshua A and Felten, Edward W},
	Booktitle = {{Financial Cryptography}},
	Date-Modified = {2014-11-12 04:13:26 +0000},
	Month = {March},
	Title = {{Mixcoin: Anonymity for Bitcoin with accountable mixes}},
	Year = {2014}}


@misc{maaku-utxo,
 howpublished={Bitcoin Improvement Proposal: \url{https://github.com/maaku/bips/blob/master/drafts/auth-trie.mediawiki}},
 title={Authenticated prefix trees},
 month={December},
 year={2013},
 author={Mark Freidenbach}
}

@misc{opeval,
 howpublished={Bitcoin Improvement Proposal: \url{https://github.com/bitcoin/bips/blob/master/bip-0012.mediawiki}},
 title={OP\_EVAL},
 author={Gavin Andresen},
 year={2011},
 month={October}
}

@misc{gun-mongo,
  title={NoSQL Meets Bitcoin and Brings Down Two Exchanges: The Story of Flexcoin and Poloniex},
  howpublished={\url{http://hackingdistributed.com/2014/04/06/another-one-bites-the-dust-flexcoin/}},
  year={2014},
  month={April},
  author={Emin G\"un Sirer}
}

@misc{tradehill,
  howpublished={http://bitcoinmagazine.com/6662/tradehill-confirms-trading-suspension/},
  title={Tradehill confirms trading suspension},
  year={2013},
  month={August},
  author={Johann Summers},
}

@misc{bitinstant,
  author={Donna Leinwand Leger},
  howpublished={\url{http://www.usatoday.com/story/news/nation/2014/09/04/bitcoin-exchanger-charlie-shrem-pleads-guilty-to-silk-road-related-charges/15095129/}},
  title={Bitcoin entrepreneur pleads guilty to Silk Road charges}, 
  year={2014},
  month={September}
}

@misc{mtgox,
  howpublished={\url{http://www.reuters.com/article/2014/02/25/us-mtgox-website-idUSBREA1O07920140225}},
  title={Bitcoin exchange {Mt. Gox} goes dark in blow to virtual currency},
  year={2014},
  month={February},
  author={Ruairidh Villar and Sophie Knight and Brett Wolf}
}
  
% COMMITTEE ON BANKING, HOUSING, AND URBAN AFFAIRS SUBCOMMITTEE ON NATIONAL SECURITY AND INTERNATIONAL TRADE AND FINANCE and SUBCOMMITTEE ON ECONOMIC POLICY 
@misc{senatehearing,
  title={THE PRESENT AND FUTURE IMPACT OF VIRTUAL CURRENCY},
  howpublished={\url{http://www.banking.senate.gov/public/index.cfm?FuseAction=Hearings.Hearing&Hearing_ID=955322cc-d648-4a00-a41f-c23be8ff4cad}},   
  author={U S SENATE}, 
  year={2013},
  month={November}
}

@article{sidechains,
  title={Enabling Blockchain Innovations with Pegged Sidechains},
  author={Back, Adam and Corallo, Matt and Dashjr, Luke and Friedenbach, Mark and Maxwell, Gregory and Miller, Andrew and Poelstra, Andrew and Tim{\'o}n, Jorge and Wuille, Pieter},
  howpublished={\url{http://www.blockstream.com/sidechains.pdf}},
  year={2014},
  month={October},
}

@book{suber1990paradox,
	Author = {Suber, Peter},
	Publisher = {Peter Lang New York},
	Title = {{The paradox of self-amendment}},
	Year = {1990}}

@misc{paytoscripthash,
	Author = {Gavin Andresen},
	Howpublished = {BIP 16},
	Month = {1},
	Title = {{Pay to Script Hash}},
	Year = {2012}}

@misc{coiledcoin,
	Author = {makomk},
	Howpublished = {\url{bitcointalk.org}},
	Title = {[DEAD] Coiledcoin - yet another cryptocurrency, but with OP\_EVAL!}}

@misc{bitcoin-news-winklevoss,
	Author = {Nathaniel Popper AND Peter Lattman},
	Date = {April 11, 2013},
	Howpublished = {\url{http://dealbook.nytimes.com/2013/04/11/as-big-investors-emerge-bitcoin-gets-ready-for-its-close-up/}},
	Title = {Never Mind {F}acebook; {W}inklevoss Twins Rule in Digital Money}}

@misc{btcfoundation,
	Howpublished = {\url{https://bitcoinfoundation.org}},
	Key = {Bitcoin Foundation},
	Title = {Bitcoin {F}oundation}}

@article{ochs1989experimental,
	Author = {Ochs, Jack and Roth, Alvin E},
	Journal = {The American Economic Review},
	Pages = {355--384},
	Title = {{An experimental study of sequential bargaining}},
	Year = {1989}}

@misc{Litecoin,
	Howpublished = {\url{http://litecoin.org/}},
	Key = {Litecoin},
	Title = {{Litecoin - Open source P2P digital currency}}}

@misc{Freicoin,
	Howpublished = {\url{http://freico.in/}},
	Key = {Freicoin},
	Title = {{Freicoin - easy-to-use demurrage currency}}}

@misc{p2ptradex,
	Author = {Sergio Demian Lerner},
	Howpublished = {\url{bitcointalk.org}},
	Month = {July},
	Title = {{P2PTradeX: P2P Trading between cryptocurrencies}},
	Year = {2012}}

@incollection{reid2013analysis,
	Author = {Reid, Fergal and Harrigan, Martin},
	Booktitle = {{Security and Privacy in Social Networks}},
	Pages = {197--223},
	Publisher = {Springer},
	Title = {{An analysis of anonymity in the bitcoin system}},
	Year = {2013}}

@inproceedings{oakland-lottery,
	Author = {Andrychowicz, Marcin and Dziembowski, Stefan and Malinowski, Daniel and Mazurek, Lukasz},
	Booktitle = {{IEEE Symposium on Security and Privacy}},
	Title = {{Secure Multiparty Computations on Bitcoin}},
	Year = {2013}}

@inproceedings{commitcoin,
	Author = {Clark, Jeremy and Essex, Aleksander},
	Booktitle = {{Financial Cryptography}},
	Date-Modified = {2014-11-12 04:13:09 +0000},
	Title = {{CommitCoin: carbon dating commitments with Bitcoin}},
	Year = {2012}}

@inproceedings{johnson2014game,
	Author = {Johnson, Benjamin and Laszka, Aron and Grossklags, Jens and Vasek, Marie and Moore, Tyler},
	Booktitle = {{BITCOIN}},
	Date-Modified = {2014-11-12 04:09:01 +0000},
	Month = Jan,
	Title = {{Game-theoretic analysis of DDoS attacks against Bitcoin mining pools}},
	Year = {2014}}

@misc{ghash,
	Author = {Jon Matonis},
	Month = {July},
	Title = {The Bitcoin Mining Arms Race: GHash.io and the 51\% Issue},
	Year = {2014}}

@book{von1947theory,
	Author = {Von Neumann, John and Morgenstern, Oskar},
	Publisher = {Princeton University Press},
	Title = {{Theory of games and economic behavior (2d rev)}},
	Year = {1947}}

@inproceedings{vasek2014empirical,
	Author = {Vasek, Marie and Thornton, Micah and Moore, Tyler},
	Booktitle = {{BITCOIN}},
	Date-Modified = {2014-11-12 04:08:36 +0000},
	Month = Jan,
	Title = {{Empirical analysis of denial-of-service attacks in the Bitcoin ecosystem}},
	Year = {2014}}

@inproceedings{donetbitcoin,
	Author = {Donet, Joan Antoni Donet and P{\'e}rez-Sola, Cristina and Herrera-Joancomart{\i}, Jordi},
	Booktitle = {{BITCOIN}},
	Date-Modified = {2014-11-12 04:11:34 +0000},
	Month = Jan,
	Title = {{The Bitcoin P2P network}},
	Year = {2014}}

@misc{bluematt-relay,
	Author = {Matt Corallo},
	Month = {November},
	Title = {{High-speed Bitcoin Relay Network}},
	Year = {2013}}

@inproceedings{incentivize,
	Author = {Kumaresan, Ranjit and Bentov, Iddo},
	Booktitle = {{CCS}},
	Date-Modified = {2014-11-12 04:01:10 +0000},
	Title = {{How to Use Bitcoin to Incentivize Correct Computations}},
	Year = {2014}}

@inproceedings{snarks,
	Author = {Ben-Sasson, Eli and Chiesa, Alessandro and Genkin, Daniel and Tromer, Eran and Virza, Madars},
	Booktitle = {{CRYPTO}},
	Date-Modified = {2014-11-12 03:56:05 +0000},
	Title = {{SNARKs for C: Verifying program executions succinctly and in zero knowledge}},
	Year = {2013}}

@misc{bip70,
	Author = {Andresen, Gavin and Hearn, Mike},
	Howpublished = {BIP 70},
	Month = {July},
	Title = {{Payment Protocol}},
	Year = {2013}}
