%% This BibTeX bibliography file was created using BibDesk.
%% http://bibdesk.sourceforge.net/


%% Created for Ari Juels at 2013-11-15 17:37:23 -0500 
@misc{slasher,
 author={Vitalik Buterin},
 howpublished={\url{https://blog.ethereum.org/2014/01/15/slasher-a-punitive-proof-of-stake-algorithm/}},
 title={Slasher: A Punitive Proof-of-Stake Algorithm},
 month={January},
  year={2014}
}

@misc{andytoshi,
  author={Andrew Poelstra},
  year={2014},
  month={May},
  howpublished={\url{https://download.wpsoftware.net/bitcoin/pos.pdf}},
  title={Distributed Consensus from Proof of Stake is Impossible}
}

@misc{crosschain,
  author={TierNolan},
  howpublished={\url{https://en.bitcoin.it/wiki/Atomic_cross-chain_trading}},
  month={May},
  year={2013},
  title={Atomic cross-chain trading}
}

@misc{mergemining,
  howpublished={\url{http://dot-bit.org/Merged_Mining}},
  title={Merged mining},
}

@article{bentov2014cryptocurrencies,
  title={Cryptocurrencies without Proof of Work},
  author={Bentov, Iddo and Gabizon, Ariel and Mizrahi, Alex},
  journal={arXiv preprint arXiv:1406.5694},
  year={2014}
}

@misc{king2012ppcoin,
  title={PPCoin: peer-to-peer crypto-currency with proof-of-stake},
  author={King, Sunny and Nadal, Scott},
  year={2012}
}

@misc{twophasepow,
    author = {Ittay Eyal and Emin G\"un Sirer},
    title = {How to Disincentivize Large Bitcoin Mining Pools},
    year = {2014},
    month = {June},
    howpublished = {Blog post: \url{http://hackingdistributed.com/2014/06/18/how-to-disincentivize-large-bitcoin-mining-pools/} }
}

@article{tromp2014cuckoo,
  title={Cuckoo Cycle: a memory-hard proof-of-work system.},
  author={Tromp, John},
  journal={IACR Cryptology ePrint Archive},
  volume={2014},
  pages={59},
  year={2014}
}

@misc{ghost,
    author = {Yonatan Sompolinsky and Aviv Zohar},
    title = {Accelerating Bitcoin's Transaction Processing. Fast Money Grows on Trees, Not Chains},
    howpublished = {Cryptology ePrint Archive, Report 2013/881},
    year = {2013},
    note = {\url{http://eprint.iacr.org/}},
}

%% Saved with string encoding Unicode (UTF-8) 

@misc{fullversion,
   title={Anonymous Online Full Version},
   howpublished={\url{http://anonymouspaper.com/bitcoin/bitcoin.html}},
}

@misc{onethird,
title = {Bitcoin Network Shaken by Blockchain Fork},
author = {Vitalik Buterin}, 
year = 2013, 
howpublished ={\url{http://bitcoinmagazine.com/3668/bitcoin-network-shaken-by-blockchain-fork/}}
}

@inproceedings{zaatar,
  title={Resolving the conflict between generality and plausibility in verified computation},
  author={Setty, Srinath and Braun, Benjamin and Vu, Victor and Blumberg, Andrew J and Parno, Bryan and Walfish, Michael},
  booktitle={Proceedings of the 8th ACM European Conference on Computer Systems},
  pages={71--84},
  year={2013},
  organization={ACM}
}

@misc{p2pool,
 author={Forrest Voight},
 title = {p2pool: Decentralized, DoS-resistant, Hop-Proof pool},
 year={2011},
 month={June},
 howpublished={\url{https://bitcointalk.org/index.php?topic=18313}}
}

@misc{techreport,
 author={Andrew Miller and LaViola, Jr., Joseph J.},
 title={Anonymous Byzantine Consensus from Moderately-Hard Puzzles: A Model for Bitcoin.},
 howpublished={UCF Tech Report. CS-TR-14-01},
}

@inproceedings{zerocoin,
  title={Zerocoin: Anonymous distributed e-cash from bitcoin},
  author={Miers, Ian and Garman, Christina and Green, Matthew and Rubin, Aviel D},
  booktitle={Security and Privacy (SP), 2013 IEEE Symposium on},
  pages={397--411},
  year={2013},
  organization={IEEE}
}

@article{scrypt,
  title={The scrypt Password-Based Key Derivation Function},
  author={Percival, Colin and Josefsson, Simon},
  year={2012},
  howpublished={\url{http://tools.ietf.org/html/draft-josefsson-scrypt-kdf-01}}
}

@inproceedings{zerocash,
  title={Zerocash: Decentralized anonymous payments from Bitcoin},
  author={Ben-Sasson, Eli and Chiesa, Alessandro and Garman, Christina and Green, Matthew and Miers, Ian and Tromer, Eran and Virza, Madars},
  booktitle={Security and Privacy (SP), 2014 IEEE Symposium on. IEEE},
  year={2014},
  organization={IEEE}
}

@inproceedings{pinocchiocoin,
  title={Pinocchio coin: building zerocoin from a succinct pairing-based proof system},
  author={Danezis, George and Fournet, Cedric and Kohlweiss, Markulf and Parno, Bryan},
  booktitle={Proceedings of the First ACM workshop on Language support for privacy-enhancing technologies},
  pages={27--30},
  year={2013},
  organization={ACM}
}

@incollection{gennaro2013quadratic,
  title={Quadratic span programs and succinct NIZKs without PCPs},
  author={Gennaro, Rosario and Gentry, Craig and Parno, Bryan and Raykova, Mariana},
  booktitle={Advances in Cryptology--EUROCRYPT 2013},
  pages={626--645},
  year={2013},
  publisher={Springer}
}


@article{johnson2001elliptic,
  title={The elliptic curve digital signature algorithm (ECDSA)},
  author={Johnson, Don and Menezes, Alfred and Vanstone, Scott},
  journal={International Journal of Information Security},
  volume={1},
  number={1},
  pages={36--63},
  year={2001},
  publisher={Springer}
}

@article{Urquhart:2013,
	Author = {J. Urquhart},
	Date-Added = {2013-11-15 21:34:52 +0000},
	Date-Modified = {2013-11-15 21:36:19 +0000},
	Journal = {RT.com},
	Title = {Bit-heist: Over \$1mn in bitcoins stolen from {A}ustralian online bank},
	Year = {8 Nov. 2013}}

@inproceedings{selfishmining,
	Author = {I. Eyal and E. Gun Sirer},
	Title = {Majority is not Enough: {Bitcoin} Mining is Vulnerable},
        booktitle = {Financial Cryptography},
        year = 2014,
}

@article{KoEtAl:2012,
	Author = {R. K.L. Ko and S. S.G. Lee and V. Rajan},
	Date-Added = {2013-11-15 21:10:25 +0000},
	Date-Modified = {2013-11-15 21:12:33 +0000},
	Journal = {IEEE Spectrum},
	Number = {12},
	Title = {Understanding Cloud Failures},
	Volume = {49},
	Year = {28 Nov. 2012}}

@article{LOCshutdown:2013,
	Author = {C. Kellogg},
	Date-Added = {2013-11-15 21:06:30 +0000},
	Date-Modified = {2013-11-15 21:07:09 +0000},
	Journal = {Los Angeles Times},
	Title = {Government shutdown closes {Library of Congress} -- online too},
	Year = {1 Oct. 2013}}

@techreport{LymanVarian:2000,
	Author = {P. Lyman and H. Varian and J. Dunn and A. Strygin and K Swearingen},
	Date-Added = {2013-11-15 20:24:21 +0000},
	Date-Modified = {2013-11-15 20:25:46 +0000},
	Institution = {UC Berkeley},
	Title = {How much information?},
	Year = {2000}}

@inproceedings{SSP:2013,
	Author = {E. Shi and E. Stefanov and C. Papamanthou},
	Booktitle = {ACM CCS},
	Date-Added = {2013-11-15 19:46:00 +0000},
	Date-Modified = {2013-11-15 19:46:48 +0000},
	Pages = {325--336},
	Title = {Practical dynamic proofs of retrievability},
	Year = {2013}}

@inproceedings{AtenieseEtAl07,
	Author = {G. Ateniese and others},
	Booktitle = {ACM CCS},
	Date-Added = {2013-11-15 19:44:08 +0000},
	Date-Modified = {2013-11-15 19:44:08 +0000},
	Pages = {598--609},
	Title = {Provable Data Possession at Untrusted Stores},
	Year = 2007}

@inproceedings{BowersJuOp08,
	Author = {Kevin D. Bowers and A. Juels and A. Oprea},
	Booktitle = {CCSW},
	Date-Added = {2013-11-15 19:42:41 +0000},
	Date-Modified = {2013-11-15 22:36:25 +0000},
	Howpublished = {Cryptology ePrint Archive, Report 2008/175},
	Pages = {43--54},
	Title = {Proofs of Retrievability: Theory and Implementation},
	Year = {2009}}

@inproceedings{ShachamWa08,
	Author = {H. Shacham and B. Waters},
	Booktitle = {Asiacrypt},
	Date-Added = {2013-11-15 19:42:31 +0000},
	Date-Modified = {2013-11-15 22:27:40 +0000},
	Pages = {90--107},
	Title = {Compact Proofs of Retrievability},
	Year = 2008}

@misc{Shimpi:2013,
	Author = {A. L. Shimpo},
	Date-Added = {2013-11-15 18:27:07 +0000},
	Date-Modified = {2013-11-15 18:48:29 +0000},
	Howpublished = {URL: www.anandtech.com/show/6935/seagate-600-ssd-review/5},
	Title = {The {Seagate} 600 \& 600 {Pro SSD} Review},
	Year = {7 May 2013}}

@inproceedings{DwoNao92,
	Author = {C. Dwork and M. Naor},
	Booktitle = {{CRYPTO}},
	Title = {Pricing via Processing or Combatting Junk Mail},
	Xbooktitle = {Proceedings of {CRYPTO}},
	Year = 1993}

@article{oceanstore,
	Author = {Kubiatowicz, John and Bindel, David and Chen, Yan and Czerwinski, Steven and Eaton, Patrick and Geels, Dennis and Gummadi, Ramakrishan and Rhea, Sean and Weatherspoon, Hakim and Weimer, Westley and others},
	Journal = {ACM Sigplan Notices},
	Number = {11},
	Pages = {190--201},
	Publisher = {ACM},
	Title = {Oceanstore: An architecture for global-scale persistent storage},
	Volume = {35},
	Year = {2000}}

@inproceedings{cohen2003incentives,
	Author = {Cohen, Bram},
	Booktitle = {Workshop on Economics of Peer-to-Peer systems},
	Pages = {68--72},
	Title = {Incentives build robustness in BitTorrent},
	Volume = {6},
	Year = {2003}}

@incollection{barber2012bitter,
  title={Bitter to better -- how to make bitcoin a better currency},
  author={Barber, Simon and Boyen, Xavier and Shi, Elaine and Uzun, Ersin},
  booktitle={Financial Cryptography and Data Security},
  pages={399--414},
  year={2012},
  publisher={Springer}
}

@inproceedings{chaum1990untraceable,
	Author = {Chaum, David and Fiat, Amos and Naor, Moni},
	Booktitle = {Advances in Cryptology---CRYPTO'88},
	Organization = {Springer},
	Pages = {319--327},
	Title = {Untraceable electronic cash},
	Year = {1990}}

@inproceedings{chaum1982,
	Author = {Chaum, David},
	Booktitle = {Crypto},
	Pages = {199--203},
	Title = {Blind Signatures for Untraceable Payments.},
	Volume = {82},
	Year = {1982}}

@article{datatrading,
	Author = {Cooper, Brian F and Garcia-Molina, Hector},
	Journal = {ACM Transactions on Information Systems (TOIS)},
	Number = {2},
	Pages = {133--170},
	Publisher = {ACM},
	Title = {Peer-to-peer data trading to preserve information},
	Volume = {20},
	Year = {2002}}

@inproceedings{pastry,
	Author = {Rowstron, Antony and Druschel, Peter},
	Booktitle = {Middleware},
	Date-Modified = {2013-11-15 22:35:54 +0000},
	Pages = {329--350},
	Title = {Pastry: Scalable, decentralized object location, and routing for large-scale peer-to-peer systems},
	Year = {2001}}

@inproceedings{past,
	Author = {Rowstron, Antony and Druschel, Peter},
	Booktitle = {ACM SIGOPS Operating Systems Review},
	Number = {5},
	Organization = {ACM},
	Pages = {188--201},
	Title = {Storage management and caching in PAST, a large-scale, persistent peer-to-peer storage utility},
	Volume = {35},
	Year = {2001}}

@misc{hostedmining,
	Author = {Danny Bradbury},
	howpublished = {\url{http://www.coindesk.com/alydian-targets-big-ticket-miners-with-terahash-hosting/}},
	Month = {August},
	Title = {Alydian targets big ticket miners with Terahash hosting},
	Year = {2013}}

@misc{bmoney,
	Author = {Wei Dai},
	Howpublish = {\url{http://www.weidai.com/bmoney.txt}},
	Title = {b-money},
	Year = {1998}}

@misc{hashcash,
	Author = {Back, Adam and others},
	Title = {Hashcash-a denial of service counter-measure},
	Year = {2002}}

@inproceedings{dynamicpor,
	Author = {Elaine Shi and Emil Stefanov and Charalampos Papamanthou},
	Booktitle = {ACM CCS},
	Date-Modified = {2013-11-15 22:33:16 +0000},
	Title = {Practical Dynamic Proofs of Retrievability},
	Year = {2013}}

@inproceedings{juels2007pors,
	Author = {Juels, Ari and Kaliski Jr, Burton S},
	Booktitle = {ACM CCS},
	Date-Modified = {2013-11-15 22:31:18 +0000},
	Organization = {ACM},
	Pages = {584--597},
	Title = {{POR}s: Proofs of retrievability for large files},
	Year = {2007}}

@inproceedings{joukov2008greenfs,
	Author = {Nikolai Joukov and Josef Sipek},
	Booktitle = {Proceedings of ACM EuroSys},
	Title = {GreenFS: Making Enterprise Computers Greener by Protecting Them Better},
	Year = {2008}}

@inproceedings{kansal2010power,
	Author = {Aman Kansal and Feng Zhao and Jie Liu and Nupur Kothari and Arka A. Bhattacharya},
	Booktitle = {Proceedings of ACM SoCC},
	Title = {Virtual Machine Power Metering and Provisioning},
	Year = {2010}}

@inproceedings{laurie2004proof,
  title={Proof-of-Work” proves not to work; version 0.2},
  author={Laurie, Ben and Clayton, Richard},
  booktitle={Workshop on Economics and Information, Security},
  year={2004}
}

@inproceedings{juels1999client,
  title={Client Puzzles: A Cryptographic Countermeasure Against Connection Depletion Attacks.},
  author={Juels, Ari and Brainard, John G},
  booktitle={NDSS},
  volume={99},
  pages={151--165},
  year={1999}
}

@article{prelec1998probability,
	Author = {Prelec, Drazen},
	Journal = {Econometrica},
	Pages = {497--527},
	Publisher = {JSTOR},
	Title = {The probability weighting function},
	Year = {1998}}

@article{williams20021,
	Author = {Williams, Eric D and Ayres, Robert U and Heller, Miriam},
	Journal = {Environmental science \& technology},
	Number = {24},
	Pages = {5504--5510},
	Publisher = {ACS Publications},
	Title = {The 1.7 kilogram microchip: Energy and material use in the production of semiconductor devices},
	Volume = {36},
	Year = {2002}}

@inproceedings{lepoint2014scale,
  title={Scale-Invariant Fully-Homomorphic Encryption over the Integers},
  author={Lepoint, Tancr{\`e}de and Coron, Jean-S{\'e}bastien and Tibouchi, Mehdi and others},
  booktitle={17th International Conference on Practice and Theory in Public-Key Cryptography (PKC'14)},
  year={2014}
}

@article{rosenfeld2011analysis,
  title={Analysis of Bitcoin Pooled Mining Reward Systems},
  author={Rosenfeld, Meni},
  journal={arXiv preprint arXiv:1112.4980},
  year={2011}
}

@incollection{stebila2011stronger,
	Author = {Stebila, Douglas and Kuppusamy, Lakshmi and Rangasamy, Jothi and Boyd, Colin and Nieto, Juan Gonzalez},
	Booktitle = {Topics in Cryptology--CT-RSA 2011},
	Pages = {284--301},
	Publisher = {Springer},
	Title = {Stronger difficulty notions for client puzzles and denial-of-service-resistant protocols},
	Year = {2011}}

@incollection{chen2009security,
	Author = {Chen, Liqun and Morrissey, Paul and Smart, Nigel P and Warinschi, Bogdan},
	Booktitle = {Advances in Cryptology--ASIACRYPT 2009},
	Pages = {505--523},
	Publisher = {Springer},
	Title = {Security notions and generic constructions for client puzzles},
	Year = {2009}}

@article{groza2013cryptographic,
	Author = {Groza, Bogdan and Warinschi, Bogdan},
	Journal = {Designs, Codes and Cryptography},
	Pages = {1--31},
	Publisher = {Springer},
	Title = {Cryptographic puzzles and DoS resilience, revisited},
	Year = {2013}}

@article{gonzalez1999shape,
	Author = {Gonzalez, Richard and Wu, George},
	Journal = {Cognitive psychology},
	Number = {1},
	Pages = {129--166},
	Publisher = {Elsevier},
	Title = {On the shape of the probability weighting function},
	Volume = {38},
	Year = {1999}}

@article{powerball,
	Author = {Oster, Emily},
	Journal = {National Tax Journal, June},
	Title = {Are all lotteries regressive? Evidence from the Powerball},
	Year = {2004}}

@article{luldc,
	Author = {Chandran, Nishanth and Kanukurthi, Bhavana and Ostrovsky, Rafail},
	Journal = {(to appear) TCC},
	Title = {Locally Updatable and Locally Decodable Codes},
	Year = {2014}}

@inproceedings{reyzin2002better,
	Author = {Reyzin, Leonid and Reyzin, Natan},
	Booktitle = {Information Security and Privacy},
	Date-Modified = {2013-11-15 22:31:52 +0000},
	Organization = {Springer},
	Pages = {144--153},
	Title = {Better than {BiBa}: Short one-time signatures with fast signing and verifying},
	Year = {2002}}

@inproceedings{merkle1990certified,
	Author = {Merkle, Ralph C},
	Booktitle = {Advances in Cryptology---CRYPTO'89 Proceedings},
	Organization = {Springer},
	Pages = {218--238},
	Title = {A certified digital signature},
	Year = {1990}}

@article{cptaxiomatization,
	Author = {Wakker, Peter and Tversky, Amos},
	Journal = {Journal of risk and uncertainty},
	Number = {2},
	Pages = {147--175},
	Publisher = {Springer},
	Title = {An axiomatization of cumulative prospect theory},
	Volume = {7},
	Year = {1993}}

@article{cumulativeprospecttheory,
	Author = {Tversky, Amos and Kahneman, Daniel},
	Journal = {Journal of Risk and uncertainty},
	Number = {4},
	Pages = {297--323},
	Publisher = {Springer},
	Title = {Advances in prospect theory: Cumulative representation of uncertainty},
	Volume = {5},
	Year = {1992}}

@inproceedings{beberg2009folding,
	Author = {Beberg, Adam L and Ensign, Daniel L and Jayachandran, Guha and Khaliq, Siraj and Pande, Vijay S},
	Booktitle = {Parallel \& Distributed Processing (IPDPS) },
	Date-Modified = {2013-11-15 22:30:57 +0000},
	Pages = {1--8},
	Title = {Folding@ home: Lessons from eight years of volunteer distributed computing},
	Year = {2009}}

@inproceedings{signets,
	Author = {Dwork, Cynthia and Lotspiech, Jeffrey and Naor, Moni},
	Booktitle = {Proceedings of the twenty-eighth annual ACM symposium on Theory of computing},
	Organization = {ACM},
	Pages = {489--498},
	Title = {Digital signets: self-enforcing protection of digital information (preliminary version)},
	Year = {1996}}

@inproceedings{decker2013information,
	Author = {Decker, Christian and Wattenhofer, Roger},
	Booktitle = {IEEE P2P},
	Date-Modified = {2013-11-15 22:37:23 +0000},
	Title = {Information propagation in the {Bitcoin} network},
	Year = {2013}}

@article{aspnes2005exposing,
	Author = {Aspnes, James and Jackson, Collin and Krishnamurthy, Arvind},
	Journal = {Department of Computer Science, Yale University, New Haven, CT, Tech. Rep},
	Title = {Exposing computationally-challenged Byzantine impostors},
	Year = {2005}}

@article{Nakamoto:2008,
	Author = {Nakamoto, Satoshi},
	Howpublished = {\url{http://bitcon.org/bitcoin.pdf}},
	Title = {Bitcoin: A peer-to-peer electronic cash system},
	Year = {2008}}

@article{moore2013beware,
	Author = {Moore, Tyler and Christin, Nicolas},
	Journal = {Financial Cryptography and Data Security},
	Pages = {455--466},
	Publisher = {The Oxford Handbook of the Digital Economy},
	Title = {Beware the Middleman: Empirical Analysis of Bitcoin-Exchange Risk},
	Volume = {7397},
	Year = {2013}}

@book{fraser1972ptolemaic,
	Author = {Fraser, Peter Marshall},
	Publisher = {Clarendon Press Oxford},
	Title = {Ptolemaic Alexandria},
	Volume = {3},
	Year = {1972}}

@article{krolleconomics,
	Author = {Kroll, Joshua A and Davey, Ian C and Felten, Edward W},
	Journal = {WEIS},
	Title = {The Economics of Bitcoin Mining or, Bitcoin in the Presence of Adversaries},
	Year = {2013}}

@inproceedings{HAIL,
	Author = {K. D. Bowers and A. Juels and A. Oprea},
	Booktitle = {ACM CCS},
	Date-Modified = {2013-11-15 22:28:55 +0000},
	Pages = {187--198},
	Title = {{HAIL}: a high-availability and integrity layer for cloud storage},
	Year = {2009}}

@article{quiggin1991optimal,
  title={On the optimal design of lotteries},
  author={Quiggin, John},
  journal={Economica},
  volume={58},
  number={229},
  pages={1--16},
  year={1991}
}

@inproceedings{pinocchio,
	Author = {Parno, Bryan and Gentry, Craig and Howell, Jon and Raykova, Mariana},
	Booktitle = {IEEE Symposium on Security and Privacy},
	Date-Modified = {2013-11-15 22:32:52 +0000},
	Pages = {238--252},
	Title = {Pinocchio: Nearly practical verifiable computation},
	Year = {2013}}

@incollection{groza2012revisiting,
  title={Revisiting difficulty notions for client puzzles and dos resilience},
  author={Groza, Bogdan and Warinschi, Bogdan},
  booktitle={Information Security},
  pages={39--54},
  year={2012},
  publisher={Springer}
}
@article{handschuh2000shacal,
  title={SHACAL (-Submission to NESSIE-)},
  author={Handschuh, Helena and Helena, H and Naccache, David},
  year={2000},
  publisher={Citeseer}
}
@inproceedings{dunkelman2007related,
  title={Related-key rectangle attack on the full SHACAL-1},
  author={Dunkelman, Orr and Keller, Nathan and Kim, Jongsung},
  booktitle={Selected Areas in Cryptography},
  pages={28--44},
  year={2007},
  organization={Springer}
}
@article{dhaes,
  title={DHAES: An encryption scheme based on the Diffie-Hellman problem},
  author={Abdalla, Michel and Bellare, Mihir and Rogaway, Phillip},
  journal={Available at \url{http://citeseer.ist.psu.edu/abdalla99dhaes.html}},
  year={1999}
}
@inproceedings{pantry,
  title={Verifying computations with state},
  author={Braun, Benjamin and Feldman, Ariel J and Ren, Zuocheng and Setty, Srinath and Blumberg, Andrew J and Walfish, Michael},
  booktitle={Proceedings of the Twenty-Fourth ACM Symposium on Operating Systems Principles},
  pages={341--357},
  year={2013},
  organization={ACM}
}

@misc{matonis,
  title={The Bitcoin Mining Arms Race: GHash.io and the 51\% Issue},
  author={Jon Matonis},
  year={2014}, 
  month={July},
  howpublished={\url{http://www.coindesk.com/bitcoin-mining-detente-ghash-io-51-issue/}}
}
