@inproceedings{hyperspaces,
 author = {Wong, Bernard and Vigf\'{u}sson, Ymir and Sirer, Emin G\"{u}n},
 title = {Hyperspaces for Object Clustering and Approximate Matching in Peer-to-peer Overlays},
 booktitle = {Proceedings of the 11th USENIX Workshop on Hot Topics in Operating Systems},
 series = {HOTOS'07},
 year = {2007},
 location = {San Diego, CA},
 pages = {8:1--8:6},
 articleno = {8},
 numpages = {6},
 acmid = {1361405},
 address = {Berkeley, CA, USA},
} 

@inproceedings{octant,
 author = {Wong, Bernard and Stoyanov, Ivan and Sirer, Emin G\"{u}n},
 title = {Octant: A Comprehensive Framework for the Geolocalization of Internet Hosts},
 booktitle = {Proceedings of the 4th USENIX Conference on Networked Systems Design \&\#38; Implementation},
 series = {NSDI'07},
 year = {2007},
 pages = {23--23},
 numpages = {1},
 acmid = {1973453},
 publisher = {USENIX Association},
 address = {Berkeley, CA, USA},
} 

@inproceedings{beehive,
 author = {Ramasubramanian, Venugopalan and Sirer, Emin G\"{u}n},
 title = {Beehive: O(1)Lookup Performance for Power-law Query Distributions in Peer-to-peer Overlays},
 booktitle = {Proceedings of the 1st Conference on Symposium on Networked Systems Design and Implementation - Volume 1},
 series = {NSDI'04},
 year = {2004},
 pages = {8--8},
 numpages = {1},
 acmid = {1251183},
 publisher = {USENIX Association},
 address = {Berkeley, CA, USA},
} 


@article{meridian,
 author = {Wong, Bernard and Slivkins, Aleksandrs and Sirer, Emin G\"{u}n},
 title = {Meridian: A Lightweight Network Location Service Without Virtual Coordinates},
 journal = {SIGCOMM Comput. Commun. Rev.},
 issue_date = {October 2005},
 volume = {35},
 number = {4},
 month = aug,
 year = {2005},
 issn = {0146-4833},
 pages = {85--96},
 numpages = {12},
 publisher = {ACM},
 address = {New York, NY, USA},
 keywords = {nearest neighbor, network locality, node selection},
} 

@inproceedings{nexus:sosp,
  title = "Logical Attestation: An Authorization Architecture for Trustworthy Co
mputing",
  author = "Emin Gun Sirer and Willem de Bruijn and Patrick Reynolds and Alan Shieh and Kevin Walsh and Dan Williams and Fred B. Schneider",
  booktitle = "Proc. of Symposium on Operating Systems Principles (SOSP)",
  address = "Cascais, Portugal", 
  month = oct,
  year = 2011,
} 
@inproceedings{netquery,
  title = "NetQuery: A Knowledge Plane for Reasoning about Network Properties",
  author = "Alan Shieh and Emin Gun Sirer and Fred B. Schneider",
  booktitle = "Proc. of the SIGCOMM Conference",
  address = "Toronto, Canada",
  month = aug,
  year = 2011,
}

@inproceedings{macaroons,
  title = "Macaroons: Cookies with Contextual Caveats for Decentralized Authorization in the Cloud",
  author = "Arnar Birgisson and Joe Gibbs Politz and Úlfar Erlingsson and Ankur Taly and Michael Vrable and Mark Lentczner",
  booktitle = "Proc. of the Network and Distributed System Security Symposium (NDSSS)",
  year = 2014,
}

@inproceedings{selfish:mining,
   title = "Majority is not Enough: Bitcoin Mining is Vulnerable",
   author = "Ittay Eyal and Emin Gun Sirer",
   booktitle = "Proc. of Financial Cryptography",
   address = "Barbados", 
   month = mar,
   year = 2014,
}

@inproceedings{heninger:halderman:fc14,
   title = "Elliptic Curve Cryptography in Practice",
   author = "Joppe W. Bos and J. Alex Halderman and Nadia Heninger and Jonathan Moore and Michael Naehrig and Eric Wustrow",
   booktitle = "Proc. of Financial Cryptography",
   address = "Barbados", 
   month = mar,
   year = 2014,
}

@inproceedings{hyperdex,
  title = "HyperDex: A Distributed, Searchable Key-Value Store",
  author = "Robert Escriva and Bernard Wong and Emin Gun Sirer",
  booktitle = "Proc. of the SIGCOMM Conference",
  address = "Helsinki, Finland",
  month = aug,
  year = 2012,
}

@article{nal,
  author = "Fred B. Schneider and Kevin Walsh and Emin Gun Sirer",
  title = "Nexus Authorization Logic: Design Rationale and Applications",
  journal = "Transactions on Information Systems",
  volume = 14,
  number = 1,
  month = may,
  year = 2011,
}

@inproceedings{ddrm,
  title = "Device Driver Safety Through a Reference Validation Mechanism",
  author = "Dan Williams and Patrick Reynolds and Kevin Walsh and egs and fbs",
  booktitle = "Proc. of the Operating Systems Design and Implementations (OSDI)",
  address = "San Diego, CA", 
  month = dec,
  year = 2008,
}

@inproceedings{kimera,
  title = "Design and Implementation of a Distributed Virtual Machine for Networked Computers",
  author = "Emin Gun Sirer and Robert Grimm and Arthur J. Gregory and Brian N. Bershad",
  booktitle = "Proc. of Symposium on Operating Systems Principles",
  address = "Kiawah Island, SC",
  month = dec,
  year = 1999,
}
@article{vmm,
  author = "Gerald J. Popek and Robert P. Goldberg",
  year = 1974,
  title = "Formal Requirements for Virtualizable Third Generation Architectures",
  journal = "Communications of the ACM",
  number = 17,
  volume = 7,
  pages = "412--421",
}

@inproceedings{sfi,
 author = {Wahbe, Robert and Lucco, Steven and Anderson, Thomas E. and Graham, Susan L.},
 title = "Efficient Software-based Fault Isolation",
 booktitle = "Proc. of the Symposium on Operating Systems Principles (SOSP)",
 year = 1993,
 location = "Asheville, NC",
 pages = "203--216",
} 

@misc{openreplica,
  howpublished={Under submission},
  author="Deniz Altinbuken and Emin Gun Sirer",
  month=sep,
  year={2013},
  title={The OpenReplica Approach to Replicated State Machines},
}
@misc{intelsgx,
  howpublished={\url{https://software.intel.com/sites/default/files/329298-001.pdf}},
  author={Intel}, 
  month=sep,
  year={2013},
  title={Software Guard Extensions Programming Reference}
}
@misc{vnotary,
  howpublished={\url{https://virtual-notary.org}},
  author={Emin Gun Sirer}, 
  month=mar,
  year={2012},
  title={Virtual Notary},
}
@misc{flexcoin:poloniex,
  howpublished={\url{http://hackingdistributed.com/2014/04/06/another-one-bites-the-dust-flexcoin/}},
  author={Emin Gun Sirer}, 
  month=apr,
  year={2014},
  title={NoSQL Meets Bitcoin and Brings Down Two Exchanges: The Story of Flexcoin and Poloniex}
}

@inproceedings{merlin1,
  title="Merlin: A Language for Provisioning Network Resources",
  author="Robert Soulé and Shrutarshi Basu and Parisa Jalili Marandi and Fernando Pedone and Robert Kleinberg and Emin Gün Sirer and Nate Foster",
  booktitle = "In Proc. of CoNEXT",
  month=dec,
  year=2014
}

@inproceedings{merlin,
  title="Merlin: A Language for Provisioning Network Resources",
  author="Robert Soulé and Shrutarshi Basu and Parisa Jalili Marandi and Fernando Pedone and Robert Kleinberg and Emin Gün Sirer and Nate Foster",
  booktitle = "In Proc. of CoNEXT",
  month=dec,
  year=2014
}
