@misc{amazon-dedicated-instance,
 title = {Amazon {EC2} Dedicated Instances}, 
 howpublished = {\url{http://aws.amazon.com/dedicated-instances/}}
}

@InProceedings{carma,
 author = {Amit Vasudevan and Jonathan {McCune} and James Newsome and Adrian Perrig and Leendert van Doorn},
 title = {{CARMA}: A Hardware Tamper-Resistant Isolated Execution Environment on Commodity x86 Platforms},
 booktitle = {Proceedings of the {ACM} Symposium on Information, Computer and Communications Security ({ASIACCS})},
 month = may,
 year = 2012
}

@INPROCEEDINGS{tpmpassiveattack,
    author = {Klaus Kursawe and Dries Schellekens and Bart Preneel},
    title = {Analyzing trusted platform communication},
    booktitle = {ECRYPT Workshop, CRASH -- CRyptographic Advances in Secure Hardware},
    year = {2005},
    pages = {8}
}

@article{oblivialg00,
  author    = {Michael T. Goodrich and
               Olga Ohrimenko and
               Roberto Tamassia},
  title     = {Data-Oblivious Graph Drawing Model and Algorithms},
  journal   = {CoRR},
  volume    = {abs/1209.0756},
  year      = {2012},
}



@inproceedings{oblivialg01,
  author    = {David Eppstein and
               Michael T. Goodrich and
               Roberto Tamassia},
  title     = {Privacy-preserving data-oblivious geometric algorithms for
               geographic data},
  booktitle = {GIS},
  year      = {2010},
  pages     = {13-22},
}


@article{Hedin:2005:TAI:1705549.1706036,
 author = {Hedin, Daniel and Sands, David},
 title = {Timing Aware Information Flow Security for a JavaCard-like Bytecode},
 journal = {Electron. Notes Theor. Comput. Sci.},
 issue_date = {December, 2005},
 volume = {141},
 number = {1},
 month = dec,
 year = {2005},
 pages = {163--182},
} 

@article{Barthe:2006:PTL:1706623.1706731,
 author = {Barthe, Gilles and Rezk, Tamara and Warnier, Martijn},
 title = {Preventing Timing Leaks Through Transactional Branching Instructions},
 journal = {Electron. Notes Theor. Comput. Sci.},
 issue_date = {May, 2006},
 volume = {153},
 number = {2},
 month = may,
 year = {2006},
 pages = {33--55},
} 

@inproceedings{Kerschbaum:2011:AOS:2046707.2046786,
 author = {Kerschbaum, Florian},
 title = {Automatically optimizing secure computation},
 booktitle = {Proceedings of the 18th ACM conference on Computer and communications security},
 year = {2011},
 pages = {703--714},
} 

@inproceedings{devriese10multi,
 author = {Devriese, Dominique and Piessens, Frank},
 title = {Noninterference through Secure Multi-execution},
 booktitle = {Proceedings of the 2010 IEEE Symposium on Security and Privacy},
 year = {2010},
 pages = {109--124},
} 

@inproceedings{Smith:1998:SIF:268946.268975,
 author = {Smith, Geoffrey and Volpano, Dennis},
 title = {Secure information flow in a multi-threaded imperative language},
 booktitle = {Proceedings of the 25th ACM SIGPLAN-SIGACT symposium on Principles of programming languages},
 year = {1998},
 pages = {355--364},
} 

@inproceedings{volpano97eliminating,
  author = {Dennis Volpano and Geoffrey Smith},
  title = {Eliminating covert flows with minimum typings},
  booktitle = {IEEE Workshop on Computer Security Foundations}, 
  year = 1997
}

@misc{tpmreset,
 author = {Bernhard Kauer},
 title = {TPM Reset Attack},
 howpublished = {\url{http://www.cs.dartmouth.edu/~pkilab/sparks/}}
}

@misc{tpmattack,
 author = {Mike Szczys}, 
 title = {{TPM} crytography cracked}, 
 howpublished = {\url{http://hackaday.com/2010/02/09/tpm-crytography-cracked/}},
}

@inproceedings{oslo,
 author = {Kauer, Bernhard},
 title = {OSLO: improving the security of trusted computing},
 booktitle = {Proceedings of 16th USENIX Security Symposium on USENIX Security Symposium},
 series = {SS'07},
 year = {2007},
 isbn = {111-333-5555-77-9},
 location = {Boston, MA},
 pages = {16:1--16:9},
 articleno = {16},
 numpages = {9},
 acmid = {1362919},
 publisher = {USENIX Association},
 address = {Berkeley, CA, USA},
} 

@article{decisiontree,
 author = {Quinlan, J. R.},
 title = {Induction of Decision Trees},
 journal = {Mach. Learn.},
 volume = {1},
 number = {1},
 month = mar,
 year = {1986},
 issn = {0885-6125},
 pages = {81--106},
 numpages = {26},
 publisher = {Kluwer Academic Publishers},
 address = {Hingham, MA, USA},
} 


@misc{convex,
  author =  {Jean-Baptiste Hiriart-Urruty and Claude Lemarechal},
  title = {Convex analysis and minimization algorithms: Fundamentals},
  year = 1996
}

@misc{logistic,
	title = {Applied Logistic Regression},
	author = {David W. Hosmer and Stanley Lemeshow },
        howpublished = {Wiley. ISBN 0-471-35632-8},
 	year = 2000,
}

@article{randomforest,
  author    = {Leo Breiman},
  title     = {Random Forests},
  journal   = {Machine Learning},
  volume    = {45},
  number    = {1},
  year      = {2001},
  pages     = {5-32},
}


@inproceedings{kmeans,
  author = {MacQueen, J. B.},
  booktitle = {Proc. of the fifth Berkeley Symposium on Mathematical Statistics and Probability},
  pages = {281-297},
  publisher = {University of California Press},
  title = {Some Methods for Classification and Analysis of MultiVariate Observations},
  volume = 1,
  year = 1967
}

@article{svm,
 author = {Cortes, Corinna and Vapnik, Vladimir},
 title = {Support-Vector Networks},
 journal = {Mach. Learn.},
 issue_date = {Sept. 1995},
 volume = {20},
 number = {3},
 month = sep,
 year = {1995},
 issn = {0885-6125},
 pages = {273--297},
 numpages = {25},
 acmid = {218929},
 publisher = {Kluwer Academic Publishers},
 address = {Hingham, MA, USA},
} 


@inproceedings{genomeprivacy,
 author = {Wang, Rui and Li, Yong Fuga and Wang, XiaoFeng and Tang, Haixu and Zhou, Xiaoyong},
 title = {Learning your identity and disease from research papers: information leaks in genome wide association study},
 booktitle = {Proceedings of the 16th ACM conference on Computer and communications security},
 series = {CCS '09},
 year = {2009},
 isbn = {978-1-60558-894-0},
 location = {Chicago, Illinois, USA},
 pages = {534--544},
 numpages = {11},
 acmid = {1653726},
 publisher = {ACM},
 address = {New York, NY, USA},
} 

@article{donar,
 author = {Stephanie J. Lee and John Klein and Michael Haagenson and Lee Ann Baxter-Lowe and Dennis L. Confer and Mary Eapen and Marcelo Fernandez-Vina and Neal Flomenberg and Mary Horowitz and Carolyn K. Hurley and Harriet Noreen and Machteld Oudshoorn and Effie Petersdorf and Michelle Setterholm and Stephen Spellman and Daniel Weisdorf and Thomas M. Williams and Claudio Anasetti13}, 
 title = {High-resolution donor-recipient HLA matching contributes to the success of unrelated donor marrow transplantation}, 
 journal = {Blood},
 vol = 110,
 no = 13,
 year = 2007, 
}

@article{compatibility,
 author = {T. Tregenza and  N. Wedell},
 title = {Genetic compatibility, mate choice and patterns of parentage: Invited Review}, 
 journal = {Molecular Ecology},
 vol = 9,
 no = 8, 
 pages = {1013--1027}, 
 year = 2000
}

@article{paternity00,
 author = {D. Endean}, 
 title = {{RFLP} analysis for paternity testing: observations and caveats},
 journal = {Human Identification}, 
 year = 1989
}

@article{paternity01,
 author = {E. Lander},
 title = {DNA fingerprinting on trial},
 journal = {Nature}, 
 vol = 339,
 no = 6225,
 year = 1989, 
}

@article{ancestry00,
 author = {C. Rotimi and B. Jorde},
 title = {Ancestry and disease in the age of genomic medicine},
 journal = {The New England journal of medicine},
 vol = 363,
 no = 16,
 year = 2010
}

@misc{genome00,
  title = {DNA Sequencing Costs â€“ Data from the NHGRI Large-Scale Genome Sequencing Program}, 
  author = {NHGRI},
 howpublished = {\url{http://www.genome.gov/sequencingcosts/}},
 year = 2012
}

@misc{genome01,
  title ={Democratizing DNA Sequencing}, 
  author = {Emily Singer}, 
  howpublished = {\url{ http://www.technologyreview.com/biomedicine/26850}}, 
  year = 2012
}

@article{genome02,
  author = {International Human Genome Sequencing Consortium},
  title = { Initial sequencing and analysis of the human genome},
  journal = {Nature},
  vol = 409,
  year = 2001,
}

@article{genome03,
  author = {N. Sina}, 
  title = {1000 Genomes project}, 
  journal = {Nature biotechnology}, 
  vol = 26,
  no = 3, 
  year = 2008,
}


@article{genome04,
  author = {Jocelyn Kaiser},
  title = {A Plan to Capture Human Diversity in 1000 Genomes}, 
  journal = {Science},  
  vol = 319,
  year  = 2008,
}

@inproceedings{psigenome01,
 author = {De Cristofaro, Emiliano and Faber, Sky and Gasti, Paolo and Tsudik, Gene},
 title = {Genodroid: are privacy-preserving genomic tests ready for prime time?},
 booktitle = {Proceedings of the 2012 ACM workshop on Privacy in the electronic society},
 series = {WPES '12},
 year = {2012},
 isbn = {978-1-4503-1663-7},
 location = {Raleigh, North Carolina, USA},
 pages = {97--108},
 numpages = {12},
 acmid = {2381980},
 publisher = {ACM},
 address = {New York, NY, USA},
} 

@inproceedings{psigenome00,
 author = {Baldi, Pierre and Baronio, Roberta and De Cristofaro, Emiliano and Gasti, Paolo and Tsudik, Gene},
 title = {Countering GATTACA: efficient and secure testing of fully-sequenced human genomes},
 booktitle = {Proceedings of the 18th ACM conference on Computer and communications security},
 series = {CCS '11},
 year = {2011},
 isbn = {978-1-4503-0948-6},
 location = {Chicago, Illinois, USA},
 pages = {691--702},
 numpages = {12},
 acmid = {2046785},
 publisher = {ACM},
 address = {New York, NY, USA},
} 

@article{pm00,
author = {Andrea D. Weston and Leroy Hood }, 
title = {Systems biology, proteomics, and the future
of health care: toward predictive, preventative, and personalized
medicine},
journal = {Journal of proteome research},
vol = {3},
no = {2},
pages = {179--196},
year = 2004,
}

@article{pm01,
 author = {Alison Abbott}, 
 title = {Special section on human genetics: With your genes? Take one of these, three times a day}, 
 journal = {Nature},
 vol = {425},
 no = {6960},
 year = 2003,
}

@inproceedings{memento,
 author = {Jana, Suman and Shmatikov, Vitaly},
 title = {Memento: Learning Secrets from Process Footprints},
 booktitle = {Proceedings of the 2012 IEEE Symposium on Security and Privacy},
 series = {SP '12},
 year = {2012},
 isbn = {978-0-7695-4681-0},
 pages = {143--157},
 numpages = {15},
 acmid = {2310718},
 publisher = {IEEE Computer Society},
 address = {Washington, DC, USA},
} 

@inproceedings{crossvm,
 author = {Zhang, Yinqian and Juels, Ari and Reiter, Michael K. and Ristenpart, Thomas},
 title = {Cross-VM side channels and their use to extract private keys},
 booktitle = {Proceedings of the 2012 ACM conference on Computer and communications security},
 series = {CCS '12},
 year = {2012},
 isbn = {978-1-4503-1651-4},
 location = {Raleigh, North Carolina, USA},
 pages = {305--316},
 numpages = {12},
 acmid = {2382230},
 publisher = {ACM},
 address = {New York, NY, USA},
}

@article{skalka04history,
  title = {History Effects and Verification},
  author = {Christian Skalka and Scott Smith},
  booktitle = {The Second ASIAN Symposium on Programming Languages and Systems},
  journal = {Lecture Notes in Computer Science},
  editor = {Wei-Ngan Chin},
  volume = 3302, 
  pages = {107--128},
  year = 2004,
}

@techreport{shroff08timing,
  author = {Paritosh Shroff and Scott F. Smith},
  title = {Securing Timing Channels at Runtime},
  institution = {Johns Hopkins University Department of Computer Science},
  month = jul,
  year = 2008
}

@inproceedings{kashyap11timing,
 author = {Kashyap, Vineeth and Wiedermann, Ben and Hardekopf, Ben},
 title = {Timing- and Termination-Sensitive Secure Information Flow: Exploring a New Approach},
 booktitle = {Proceedings of the 2011 IEEE Symposium on Security and Privacy},
 year = {2011},
 pages = {413--428},
} 

@inproceedings{moore12progress,
 author = {Moore, Scott and Askarov, Aslan and Chong, Stephen},
 title = {Precise enforcement of progress-sensitive security},
 booktitle = {Proceedings of the 2012 ACM conference on Computer and communications security},
 year = {2012},
 pages = {881--893},
} 

@inproceedings{oneill06interactive,
 author = {O'Neill, Kevin R. and Clarkson, Michael R. and Chong, Stephen},
 title = {Information-Flow Security for Interactive Programs},
 booktitle = {Proceedings of the 19th IEEE workshop on Computer Security Foundations},
 year = {2006},
 pages = {190--201},
} 


@inproceedings{memintegrity00,
 author = {Gassend, Blaise and Suh, G. Edward and Clarke, Dwaine and van Dijk, Marten and Devadas, Srinivas},
 title = {Caches and Hash Trees for Efficient Memory Integrity Verification},
 booktitle = {Proceedings of the 9th International Symposium on High-Performance Computer Architecture},
 series = {HPCA '03},
 year = {2003},
 isbn = {0-7695-1871-0},
 publisher = {IEEE Computer Society},
 address = {Washington, DC, USA},
} 

@inproceedings{memintegrity01,
 author = {Shi, Weidong and Lee, Hsien-Hsin S.},
 title = {Authentication Control Point and Its Implications For Secure Processor Design},
 booktitle = {Proceedings of the 39th Annual IEEE/ACM International Symposium on Microarchitecture},
 series = {MICRO 39},
 year = {2006},
 isbn = {0-7695-2732-9},
 pages = {103--112},
 numpages = {10},
 acmid = {1194831},
 publisher = {IEEE Computer Society},
 address = {Washington, DC, USA},
} 


@INPROCEEDINGS{memencrypt00,
    author = {Tanguy Gilmont and Jean-didier Legat and Jean-jacques Quisquater},
    title = {Enhancing security in the memory management unit},
    booktitle = {EUROMICRO},
    year = {1999},
}

@inproceedings{memencrypt01,
 author = {Lie, David and Mitchell, John and Thekkath, Chandramohan A. and Horowitz, Mark},
 title = {Specifying and Verifying Hardware for Tamper-Resistant Software},
 booktitle = {Proceedings of the 2003 IEEE Symposium on Security and Privacy},
 series = {SP '03},
 year = {2003},
 publisher = {IEEE Computer Society},
 address = {Washington, DC, USA},
} 

@inproceedings{memencrypt02,
 author = {Rogers, Brian and Prvulovic, Milos and Solihin, Yan},
 title = {Efficient data protection for distributed shared memory multiprocessors},
 booktitle = {Proceedings of the 15th international conference on Parallel architectures and compilation techniques},
 series = {PACT '06},
 year = {2006},
 isbn = {1-59593-264-X},
 location = {Seattle, Washington, USA},
 pages = {84--94},
 numpages = {11},
 acmid = {1152170},
 publisher = {ACM},
 address = {New York, NY, USA},
} 

@inproceedings{memencrypt03,
 author = {Shi, Weidong and Lee, Hsien-Hsin S. and Ghosh, Mrinmoy and Lu, Chenghuai},
 title = {Architectural Support for High Speed Protection of Memory Integrity and Confidentiality in Multiprocessor Systems},
 booktitle = {Proceedings of the 13th International Conference on Parallel Architectures and Compilation Techniques},
 series = {PACT '04},
 year = {2004},
 pages = {123--134},
 numpages = {12},
 publisher = {IEEE Computer Society},
 address = {Washington, DC, USA},
} 

@inproceedings{memencrypt04,
 author = {Shi, Weidong and Lee, Hsien-Hsin S. and Ghosh, Mrinmoy and Lu, Chenghuai and Boldyreva, Alexandra},
 title = {High Efficiency Counter Mode Security Architecture via Prediction and Precomputation},
 booktitle = {Proceedings of the 32nd annual international symposium on Computer Architecture},
 series = {ISCA '05},
 year = {2005},
 isbn = {0-7695-2270-X},
 pages = {14--24},
 numpages = {11},
 acmid = {1069972},
 publisher = {IEEE Computer Society},
 address = {Washington, DC, USA},
} 

@article{memencrypt05,
 author = {Shi, Weidong and Lee, Hsien-Hsin S. and Lu, Chenghuai and Ghosh, Mrinmoy},
 title = {Towards the issues in architectural support for protection of software execution},
 journal = {SIGARCH Comput. Archit. News},
 issue_date = {March 2005},
 volume = {33},
 number = {1},
 month = mar,
 year = {2005},
 issn = {0163-5964},
 pages = {6--15},
 numpages = {10},
 acmid = {1055629},
 publisher = {ACM},
 address = {New York, NY, USA},
} 

@inproceedings{memencrypt06,
 author = {Suh, G. Edward and Clarke, Dwaine and Gassend, Blaise and Dijk, Marten van and Devadas, Srinivas},
 title = {Efficient Memory Integrity Verification and Encryption for Secure Processors},
 booktitle = {Proceedings of the 36th annual IEEE/ACM International Symposium on Microarchitecture},
 series = {MICRO 36},
 year = {2003},
 isbn = {0-7695-2043-X},
 publisher = {IEEE Computer Society},
 address = {Washington, DC, USA},
} 


@inproceedings{memencrypt07,
 author = {Yan, Chenyu and Englender, Daniel and Prvulovic, Milos and Rogers, Brian and Solihin, Yan},
 title = {Improving Cost, Performance, and Security of Memory Encryption and Authentication},
 booktitle = {Proceedings of the 33rd annual international symposium on Computer Architecture},
 series = {ISCA '06},
 year = {2006},
 isbn = {0-7695-2608-X},
 pages = {179--190},
 numpages = {12},
 publisher = {IEEE Computer Society},
 address = {Washington, DC, USA},
} 


@inproceedings{memencrypt08,
 author = {Yang, Jun and Zhang, Youtao and Gao, Lan},
 title = {Fast Secure Processor for Inhibiting Software Piracy and Tampering},
 booktitle = {Proceedings of the 36th annual IEEE/ACM International Symposium on Microarchitecture},
 series = {MICRO 36},
 year = {2003},
 publisher = {IEEE Computer Society},
 address = {Washington, DC, USA},
} 

@inproceedings{memencrypt09,
 author = {Zhang, Youtao and Gao, Lan and Yang, Jun and Zhang, Xiangyu and Gupta, Rajiv},
 title = {{SENSS}: Security Enhancement to Symmetric Shared Memory Multiprocessors},
 booktitle = {Proceedings of the 11th International Symposium on High-Performance Computer Architecture},
 series = {HPCA '05},
 year = {2005},
 isbn = {0-7695-2275-0},
 pages = {352--362},
 numpages = {11},
 acmid = {1043433},
 publisher = {IEEE Computer Society},
 address = {Washington, DC, USA},
} 


@misc{xbox-hack,
  title={Modern Game Console Exploitation},
  author={DeBusschere, E. and McCambridge, M.},
  year={2012}
}

@article{skindeep,
 author = {Huang, Andrew "bunnie"},
 title = {The Trusted PC: Skin-Deep Security},
 journal = {Computer},
 issue_date = {October 2002},
 volume = {35},
 number = {10},
 month = oct,
 year = {2002},
 issn = {0018-9162},
 pages = {103--105},
 numpages = {3},
 acmid = {622092},
 publisher = {IEEE Computer Society Press},
 address = {Los Alamitos, CA, USA},
} 

@article{coldboot00,
  author    = {J. Alex Halderman and
               Seth D. Schoen and
               Nadia Heninger and
               William Clarkson and
               William Paul and
               Joseph A. Calandrino and
               Ariel J. Feldman and
               Jacob Appelbaum and
               Edward W. Felten},
  title     = {Lest we remember: cold-boot attacks on encryption keys},
  journal   = {Commun. ACM},
  volume    = {52},
  number    = {5},
  year      = {2009},
  pages     = {91-98},
}

@TechReport{coldboot01,
  author =	 {Skorobogatov, Sergei},
  title = 	 {{Low temperature data remanence in static RAM}},
  year = 	 2002,
  month = 	 jun,
  url = 	 {http://www.cl.cam.ac.uk/techreports/UCAM-CL-TR-536.pdf},
  institution =  {University of Cambridge, Computer Laboratory},
  number = 	 {UCAM-CL-TR-536}
}


@inproceedings{socc-sommelier,
 author = {Gu, Yufei and Fu, Yangchun and Prakash, Aravind and Lin, Zhiqiang and Yin, Heng},
 title = {OS-Sommelier: memory-only operating system fingerprinting in the cloud},
 booktitle = {SoCC},
 year = {2012},
} 



@misc{privatecore,
 title = {PrivateCore},
 howpublished = {\url{http://www.privatecore.com/}}
}

@inproceedings{merkletree,
 author = {Merkle, Ralph C.},
 title = {A Digital Signature Based on a Conventional Encryption Function},
 booktitle = {A Conference on the Theory and Applications of Cryptographic Techniques on Advances in Cryptology},
 series = {CRYPTO '87},
 year = {1988},
 isbn = {3-540-18796-0},
 pages = {369--378},
 numpages = {10},
 acmid = {704751},
 publisher = {Springer-Verlag},
 address = {London, UK, UK},
} 


@inproceedings{hardwaremerkletree,
 author = {Rogers, Brian and Chhabra, Siddhartha and Prvulovic, Milos and Solihin, Yan},
 title = {Using Address Independent Seed Encryption and Bonsai Merkle Trees to Make Secure Processors OS- and Performance-Friendly},
 booktitle = {Proceedings of the 40th Annual IEEE/ACM International Symposium on Microarchitecture},
 series = {MICRO 40},
 year = {2007},
 isbn = {0-7695-3047-8},
 pages = {183--196},
 numpages = {14},
 acmid = {1331718},
} 


@article{xom,
 author = {Thekkath, David Lie Chandramohan and Mitchell, Mark and Lincoln, Patrick and Boneh, Dan and Mitchell, John and Horowitz, Mark},
 title = {Architectural support for copy and tamper resistant software},
 journal = {SIGOPS Oper. Syst. Rev.},
 issue_date = {Dec. 2000},
 volume = {34},
 number = {5},
 month = nov,
 year = {2000},
 issn = {0163-5980},
 pages = {168--177},
 numpages = {10},
} 

@inproceedings{aegis,
 author = {Suh, G. Edward and Clarke, Dwaine and Gassend, Blaise and van Dijk, Marten and Devadas, Srinivas},
 title = {AEGIS: architecture for tamper-evident and tamper-resistant processing},
 booktitle = {Proceedings of the 17th annual international conference on Supercomputing},
 series = {ICS '03},
 year = {2003},
 isbn = {1-58113-733-8},
 location = {San Francisco, CA, USA},
 pages = {160--171},
 numpages = {12},
 acmid = {782838},
 publisher = {ACM},
 address = {New York, NY, USA},
} 

@inproceedings{Smith00,
 author = {Smith, Sean W.},
 title = {Outbound Authentication for Programmable Secure Coprocessors},
 booktitle = {Proceedings of the 7th European Symposium on Research in Computer Security},
 series = {ESORICS '02},
 year = {2002},
 isbn = {3-540-44345-2},
 pages = {72--89},
 numpages = {18},
 url = {http://dl.acm.org/citation.cfm?id=646649.699490},
 acmid = {699490},
 publisher = {Springer-Verlag},
 address = {London, UK, UK},
} 



@article{Smith01,
 author = {Smith, Sean W. and Weingart, Steve},
 title = {Building a high-performance, programmable secure coprocessor},
 journal = {Comput. Netw.},
 issue_date = {April 23, 1999},
 volume = {31},
 number = {9},
 month = apr,
 year = {1999},
 issn = {1389-1286},
 pages = {831--860},
 numpages = {30},
 url = {http://dl.acm.org/citation.cfm?id=324119.324128},
 acmid = {324128},
 publisher = {Elsevier North-Holland, Inc.},
 address = {New York, NY, USA},
 keywords = {FIPS 140-1, code-signing, computer security, cryptography, privacy, secure coprocessor, smart card, tamper-detection, token},
} 


@article{hide,
 author = {Zhuang, Xiaotong and Zhang, Tao and Pande, Santosh},
 title = {HIDE: an infrastructure for efficiently protecting information leakage on the address bus},
 journal = {SIGARCH Comput. Archit. News},
 issue_date = {December 2004},
 volume = {32},
 number = {5},
 month = oct,
 year = {2004},
 issn = {0163-5964},
 pages = {72--84},
 numpages = {13},
 acmid = {1024403},
 publisher = {ACM},
 address = {New York, NY, USA},
} 

@inproceedings{fpgasecurity00,
  author = {Ken Eguro and Ramarathnam Venkatesan},
  title = {FPGAs for Trusted Cloud Computing},
  booktitle = {International Conference on Field-Programmable Logic and Applications}, 
  year = {2012},
}

@inproceedings{zhang12language,
  author    = {Danfeng Zhang and
               Aslan Askarov and
               Andrew C. Myers},
  title     = {Language-based control and mitigation of timing channels},
  booktitle = {PLDI},
  year      = {2012},
  pages     = {99-110},
}

@inproceedings{zhang11predictive,
  author    = {Danfeng Zhang and
               Aslan Askarov and
               Andrew C. Myers},
  title     = {Predictive mitigation of timing channels in interactive
               systems},
  booktitle = {ACM Conference on Computer and Communications Security},
  year      = {2011},
  pages     = {563-574},
}

@inproceedings{askarov10predictive,
  author    = {Aslan Askarov and
               Danfeng Zhang and
               Andrew C. Myers},
  title     = {Predictive black-box mitigation of timing channels},
  booktitle = {ACM Conference on Computer and Communications Security},
  year      = {2010},
  pages     = {297-307},
}

@INPROCEEDINGS{agat00transforming,
    author = {Johan Agat},
    title = {Transforming out Timing Leaks},
    booktitle = {27th ACM Symposium On Principles OF Programming Languages (POPL)},
    year = {2000},
    pages = {40--53},
}

@inproceedings{coppens09practical,
 author = {Coppens, Bart and Verbauwhede, Ingrid and Bosschere, Koen De and Sutter, Bjorn De},
 title = {Practical Mitigations for Timing-Based Side-Channel Attacks on Modern x86 Processors},
 booktitle = {Proceedings of the 2009 30th IEEE Symposium on Security and Privacy},
 series = {SP '09},
 year = {2009},
 isbn = {978-0-7695-3633-0},
 pages = {45--60},
 numpages = {16},
 acmid = {1608124},
 publisher = {IEEE Computer Society},
 address = {Washington, DC, USA},
} 

@inproceedings{stealthmem,
 author = {Kim, Taesoo and Peinado, Marcus and Mainar-Ruiz, Gloria},
 title = {STEALTHMEM: system-level protection against cache-based side channel attacks in the cloud},
 booktitle = {Proceedings of the 21st USENIX conference on Security symposium},
 series = {Security'12},
 year = {2012},
 location = {Bellevue, WA},
 pages = {11--11},
 numpages = {1},
 acmid = {2362804},
 publisher = {USENIX Association},
 address = {Berkeley, CA, USA},
} 

@inproceedings{Ascend,
 author = {Fletcher, Christopher W. and Dijk, Marten van and Devadas, Srinivas},
 title = {A secure processor architecture for encrypted computation on untrusted programs},
 booktitle = {Proceedings of the seventh ACM workshop on Scalable trusted computing},
 series = {STC '12},
 year = {2012},
 location = {Raleigh, North Carolina, USA},
 pages = {3--8},
 numpages = {6},
 publisher = {ACM},
} 

@inproceedings{SzeferCL10,
  author    = {Jakub Szefer and
               Yu-Yuan Chen and
               Ruby B. Lee},
  title     = {General-purpose FPGA platform for efficient encryption and
               hashing},
  booktitle = {ASAP},
  year      = {2010},
  pages     = {309-312},
}

@inproceedings{LeeSACMAT12,
  author    = {Ruby B. Lee},
  title     = {Hardware-enhanced access control for cloud computing},
  booktitle = {SACMAT},
  year      = {2012},
  pages     = {1-2},
}

@inproceedings{SzeferJCL12,
  author    = {Jakub Szefer and
               Pramod A. Jamkhedkar and
               Yu-Yuan Chen and
               Ruby B. Lee},
  title     = {Physical attack protection with human-secure virtualization
               in data centers},
  booktitle = {DSN Workshops},
  year      = {2012},
  pages     = {1-6},
}


