@misc{fstar,
 title = {The {F*} Project},
 howpublished = {\url{http://research.microsoft.com/en-us/projects/fstar/}}
}

@inproceedings{Tov:2011:PAT:1926385.1926436,
 author = {Tov, Jesse A. and Pucella, Riccardo},
 title = {Practical Affine Types},
 booktitle = {Proceedings of the 38th Annual ACM SIGPLAN-SIGACT Symposium on Principles of Programming Languages},
 series = {POPL '11},
 year = {2011},
 isbn = {978-1-4503-0490-0},
 location = {Austin, Texas, USA},
 pages = {447--458},
 numpages = {12},
 url = {http://doi.acm.org/10.1145/1926385.1926436},
 doi = {10.1145/1926385.1926436},
 acmid = {1926436},
 publisher = {ACM},
 address = {New York, NY, USA},
 keywords = {affine types, linear logic, modules, polymorphism, type systems},
} 

@phdthesis{tov,
  author = {Jesse Tov},
  title = {Practical Programming with Substructural Types},
  school = {Northeastern University},
  month = feb,
  year = {2012}
}

@phdthesis{simmons,
  author = {Robert J. Simmons},
  title = {Substructural Logical Specifications},
  school = {Carnegie Mellon University},
  month = nov,
  year = {2012}
}

@incollection{honda,
  year={1993},
  isbn={978-3-540-57208-4},
  booktitle={CONCUR'93},
  volume={715},
  series={Lecture Notes in Computer Science},
  editor={Best, Eike},
  doi={10.1007/3-540-57208-2_35},
  title={Types for dyadic interaction},
  url={http://dx.doi.org/10.1007/3-540-57208-2_35},
  publisher={Springer Berlin Heidelberg},
  author={Honda, Kohei},
  pages={509-523},
  language={English}
}

@inproceedings{Castagna:2009:FST:1599410.1599437,
 author = {Castagna, Giuseppe and Dezani-Ciancaglini, Mariangiola and Giachino, Elena and Padovani, Luca},
 title = {Foundations of Session Types},
 booktitle = {Proceedings of the 11th ACM SIGPLAN Conference on Principles and Practice of Declarative Programming},
 series = {PPDP '09},
 year = {2009},
 isbn = {978-1-60558-568-0},
 location = {Coimbra, Portugal},
 pages = {219--230},
 numpages = {12},
 url = {http://doi.acm.org/10.1145/1599410.1599437},
 doi = {10.1145/1599410.1599437},
 acmid = {1599437},
 publisher = {ACM},
 address = {New York, NY, USA},
 keywords = {communication centered programming, concurrency, semantic subtyping, sessions types, testing equivalencies},
} 

@incollection{honda-etal,
year={1998},
isbn={978-3-540-64302-9},
booktitle={Programming Languages and Systems},
volume={1381},
series={Lecture Notes in Computer Science},
editor={Hankin, Chris},
doi={10.1007/BFb0053567},
title={Language primitives and type discipline for structured communication-based programming},
url={http://dx.doi.org/10.1007/BFb0053567},
publisher={Springer Berlin Heidelberg},
author={Honda, Kohei and Vasconcelos, VascoT. and Kubo, Makoto},
pages={122-138},
language={English}
}

@incollection{smith,
year={2007},
isbn={978-0-387-32720-4},
booktitle={Malware Detection},
volume={27},
series={Advances in Information Security},
editor={Christodorescu, Mihai and Jha, Somesh and Maughan, Douglas and Song, Dawn and Wang, Cliff},
doi={10.1007/978-0-387-44599-1_13},
title={Principles of Secure Information Flow Analysis},
url={http://dx.doi.org/10.1007/978-0-387-44599-1_13},
publisher={Springer US},
author={Smith, Geoffrey},
pages={291-307},
language={English}
}


@article{JFP:1695700,
author = {Skalka, Christian and Smith, Scott and Van Horn, David},
title = {Types and trace effects of higher order programs},
journal = {Journal of Functional Programming},
volume = {18},
issue = {02},
month = {3},
year = {2008},
issn = {1469-7653},
pages = {179--249},
numpages = {71},
doi = {10.1017/S0956796807006466},
URL = {http://journals.cambridge.org/article_S0956796807006466},
}

@incollection{resource-ml,
year={2012},
isbn={978-3-642-31423-0},
booktitle={Computer Aided Verification},
volume={7358},
series={Lecture Notes in Computer Science},
editor={Madhusudan, P. and Seshia, SanjitA.},
doi={10.1007/978-3-642-31424-7_64},
title={Resource Aware ML},
url={http://dx.doi.org/10.1007/978-3-642-31424-7_64},
publisher={Springer Berlin Heidelberg},
keywords={Functional Programming; Static Analysis; Resource Consumption; Quantitative Analysis; Amortized Analysis},
author={Hoffmann, Jan and Aehlig, Klaus and Hofmann, Martin},
pages={781-786},
language={English}
}

@article{Girard:1987:LL:35356.35357,
 author = {Girard, Jean-Yves},
 title = {Linear Logic},
 journal = {Theor. Comput. Sci.},
 issue_date = {Jan. 30, 1987},
 volume = {50},
 number = {1},
 month = jan,
 year = {1987},
 issn = {0304-3975},
 pages = {1--102},
 numpages = {102},
 url = {http://dx.doi.org/10.1016/0304-3975(87)90045-4},
 doi = {10.1016/0304-3975(87)90045-4},
 acmid = {35357},
 publisher = {Elsevier Science Publishers Ltd.},
 address = {Essex, UK},
} 

@INPROCEEDINGS{BlanchetCSFW01,
  AUTHOR = {Bruno Blanchet},
  TITLE = {An {E}fficient {C}ryptographic {P}rotocol {V}erifier {B}ased on {P}rolog {R}ules},
  BOOKTITLE = {14th IEEE Computer Security Foundations Workshop (CSFW-14)},
  PAGES = {82--96},
  YEAR = 2001,
  ADDRESS = {Cape Breton, Nova Scotia, Canada},
  MONTH = JUN,
  PUBLISHER = {IEEE Computer Society}
}

@Manual{Coq:manual,
  title =        {The Coq proof assistant reference manual},
  author =       {\mbox{The Coq development team}},
  organization = {LogiCal Project},
  note =         {Version 8.0},
  year =         {2004},
  url =          "http://coq.inria.fr"
}

@Book{Nipkow-Paulson-Wenzel:2002,
  author = {Tobias Nipkow and Lawrence C. Paulson and Markus Wenzel},
  title = {Isabelle/HOL --- A Proof Assistant for Higher-Order Logic},
  publisher		= {Springer},
  series		= {LNCS},
  volume		= 2283,
  year			  = 2002}

@misc{toronto,
  author = {Neil Toronto and Jay McCarthy and David Van Horn},
  title = {Running probabilistic programs backwards},
  note = {In submission},
  month = nov,
  year = {2014},
}

@book{appel,
  title = {Program Logics for Certified Compilers},
  author = {Andrew W. Appel},
  month = apr,
  year = {2014},
  publisher = {Cambridge University Press},
  isbn = {9781107048010}
}

@ARTICLE{2014arXiv1411.3967N,
   author = {{Nguyen}, P.~C. and {Van Horn}, D.},
    title = "{Relatively Complete Counterexamples for Higher-Order Programs}",
  journal = {ArXiv e-prints},
archivePrefix = "arXiv",
   eprint = {1411.3967},
 primaryClass = "cs.PL",
 keywords = {Computer Science - Programming Languages},
     year = 2014,
    month = nov,
   adsurl = {http://adsabs.harvard.edu/abs/2014arXiv1411.3967N},
  adsnote = {Provided by the SAO/NASA Astrophysics Data System}
}
