@misc{vmimage,
  title = {Lab Virtual Machine Image},
 howpublished = {\url{http://www.cs.umd.edu/~elaine/smartcontract/coursematerial.html}} 
}

@misc{serpentref,
 author = {Kevin Delmolino and Mitchell Arnett and Ahmed Kosba and Andrew Miller and Elaine Shi}, 
 title = {A Programmer's Guide to Ethereum and Serpent},
 howpublished = {\url{http://www.cs.umd.edu/~elaine/smartcontract/coursematerial.html}} 
}

@misc{Usingpyethereum.tester,
	title = "Using pyethereum.tester",
	year = 2014,
	author = "Pyethereum Wiki",
	howpublished = {\url{https://github.com/ethereum/pyethereum/wiki/Using-pyethereum.tester}}
	}
@misc{test_contracts.py,
	title = "pyethereum/tests/test\_contracts.py",
	year = 2015,
	author = "Pyethereum team",
	howpublished = {\url{https://github.com/ethereum/pyethereum/blob/develop/tests/test_contracts.py}}
	}
@misc{Serpent,
	title = "Serpent",
	year = 2015,
	author = "Etheruem Wiki",
	howpublished = {\url{https://github.com/ethereum/wiki/wiki/Serpent}}
	}
@misc{Serpent1.0(old),
	title = "Serpent 1.0 (old)",
	year = 2015,
	author = "Ethereum Wiki",
	howpublished = {\url{https://github.com/ethereum/wiki/wiki/Serpent-1.0-(old)}}
	}
@misc{PeterBorah2014,
	title = "ethereum-powerball",
	author = "PeterBorah",
	year = 2014,
	howpublished = {\url{https://github.com/PeterBorah/ethereum-powerball/tree/master/contracts}}
	}
@misc{KenKsFirstContractTutorial,
	title = "KenK's First Contract Tutorial",
	author = "KenK",
	year = 2014,
	howpublished = {\url{http://forum.ethereum.org/discussion/1634/tutorial-1-your-first-contract}"
	}}
@misc{Shi2015,
	title = "Undergraduate Ethereum Lab at Maryland and Insights Gained",
	author = {Elaine Shi and Andrew Miller},
	year = 2015,
	howpublished = {\url{https://docs.google.com/presentation/d/1esw_lizWG06zrWaOQKcbwrySM4K9KzmRD3rtBUx0zEw/edit?usp=sharing}"
	}}
@misc{EthereumWhitePaper,
	title = "Ethereum White Paper",
	author = "Buterin, V.",
	year = 2014,
	howpublished = {\url{https://www.ethereum.org/pdfs/EthereumWhitePaper.pdf}}
}
@misc{Ether.fund,
	title = "Ether.fund Ether Unit Converter",
	author = "Ether.fund",
	year = 2015,
	howpublished = {\url{http://ether.fund/tool/converter}}
}
@misc{WhatOptions, 
	title="What options does one have if a contract is about to run out of gas?",
	author="newhampshire22, Ursium",
	year = 2014,
	howpublished ={\url{https://www.reddit.com/r/ethereum/comments/2e13vp/what_options_does_one_have_if_a_contract_is_about/}}
}
@misc{Subtleties,
	title="Subtleties",
	author="Ethereum Wiki",
	year = 2015,
	howpublished={\url{https://github.com/ethereum/wiki/wiki/Subtleties}}
}
